3024 5188
681 1751 884 1884 oneum
923 1811 1027 1883 vn.

364 2034 423 2100 DE
452 2031 609 2101 FALSIS
637 2029 1013 2101 senouitsusssum
1041 2029 1347 2106 sucumbimus,

807 2404 835 2482 t·
863 2401 892 2468 1.

317 2583 406 2650 Quae
432 2580 611 2660 Sophoclis
644 2545 749 2638 verba
775 2597 797 2656 ‘a
830 2533 1041 2638 scholiastis
1075 2577 1167 2635 falso
1198 2579 1391 2642 landertun

380 2751 501 2808 Omnium
527 2752 656 2806 variarum
687 2748 829 2803 lectionum
856 2735 899 2803 vei
925 2747 1032 2804 minima
1058 2749 1214 2805 auctoritate
1242 2769 1289 2808 eae
1308 2747 1386 2821 irunt,

315 2853 379 2908 quas
401 2841 465 2890 vett.
486 2837 641 2907 interpretes
662 2835 690 2888 in
711 2829 852 2888 laudandis
875 2828 1014 2906 Sophoclis
1034 2833 1122 2888 verbis
1142 2835 1276 2908 praebent.
1307 2826 1385 2893 Sole-

313 2921 377 2976 bant
404 2917 446 2974 illi
474 2921 531 2974 sine
561 2913 640 2972 dubio
671 2918 813 2989 scriptores
842 2917 992 2980 memoriter
1022 2918 1115 2985 citare,
1148 2935 1207 2974 nam
1235 2921 1274 2974 ita
1293 2920 1386 2977 solum

312 3001 370 3059 ireri
390 3004 483 3079 potuit,
505 3006 535 3057 ut
555 3017 648 3056 versus
659 2997 770 3056 Homeri
790 2998 955 3073 aliorumque·
974 3003 1109 3076 poetarum
1131 3002 1276 3058 innumeris
1296 3022 1384 3078 paene
1415 3056 1422 3072 ,
1494 3065 1495 3080 ¹

312 3091 385 3145 vitiis
412 3086 557 3144 maculatos
579 3081 715 3152 afferrent;
748 3092 802 3140 tum
824 3082 867 3140 his
888 3086 917 3139 in
937 3084 1064 3159 exemplis
1085 3103 1117 3140 ea
1138 3103 1217 3160 saepe
1237 3086 1384 3163 leotionu'm

311 3170 516 3248 discrepantium
538 3174 580 3227 est
600 3172 683 3237 ratio,
714 3175 743 3224 ut
764 3175 873 3246 utraque
895 3171 1025 3243 scriptura
1046 3169 1219 3244 aequaberis
1240 3173 1288 3238 sit,
1315 3188 1382 3245 quo-

311 3254 389 3312 modo
410 3273 472 3311 vero
494 3255 578 3312 altera
599 3273 633 3310 ex
654 3254 738 3310 altera
759 3255 796 3308 sit
817 3260 875 3308 orta
896 3270 949 3308 non
971 3251 1158 3330 intelligamus,
1180 3252 1380 3312 nisihominum
1494 3279 1495 3318 r

309 3336 382 3394 haud
405 3335 573 3394 indoctorum
598 3338 749 3392 memoriam
776 3336 876 3391 similia
899 3336 980 3392 verba
1010 3344 1184 3393 commutasse
1214 3355 1379 3396 censeamus.

308 3421 382 3478 Idem
410 3418 522 3494 denique
549 3437 644 3476 versus
666 3436 745 3492 saepe
768 3421 800 3474 ab
822 3421 888 3492 ipsis
910 3416 1062 3476 sohoiiastis
1084 3419 1190 3476 diuerso
1212 3421 1290 3478 modo
1312 3426 1377 3478 cita-

308 3514 360 3562 tur.
391 3503 478 3569 Quare
500 3523 534 3560 ex
554 3500 597 3560 bis
613 3502 834 3558 ‘annotationibus
856 3499 889 3558 da
910 3499 1112 3561 scholiastarum
1124 3504 1282 3562 lectionibus
1298 3503 1376 3564 nihil·

309 3589 370 3648 dmn
392 3591 456 3648 oerti
478 3587 569 3666 colligi
589 3592 686 3662 potest.

370 3708 446 3774 Quae
472 3704 528 3763 dixi
535 3748 543 3775 ,
571 3706 626 3782 jam
654 3693 739 3778 ipsius
767 3701 876 3773 Didymi
903 3705 1022 3780 exemplo
1050 3687 1217 3762 confirmabo.
1259 3705 1376 3783 Legitur

306 3796 376 3849 enim
397 3789 431 3849 ad
452 3788 532 3847 Piso,
546 3787 589 3846 01.
611 3781 641 3846 9.
663 3779 706 3846 34
727 3783 869 3844 scholium:
891 3779 1052 3884 lupono&
1073 3783 1109 3848 δὲ
1131 3780 1192 3856 τάς
1213 3779 1304 3867 ᾥδοὶς

301 3865 324 3930 ὁ
346 3865 383 3934 δὲ
403 3863 546 3951 Δίδυμος
572 3864 606 3933 εἰ.
629 3885 659 3929 τ.
678 3863 870 3950 μαλακαῖς·
891 3885 951 3927 και
970 3863 1034 3950 γὰρ
1055 3861 1197 3953 ἑτέρωθι
1222 3867 1377 3949 poi-axo*

302 3947 436 4034 φώνους
456 3949 519 4026 soie
538 3946 630 4036 ᾠδάς
648 3957 702 4040 φ.“
732 3955 839 4015 Soilioet
859 3957 887 4014 in
908 3953 1002 4014 istim.
1023 3951 1054 4016 2.
1075 3948 1106 4016 Θ.
1127 3959 1207 4032 pobta
1225 3949 1374 4046 patara

304 4029 452 4115 κόφωνοι
471 4031 589 4102 ἀοιδαί
609 4039 687 4099 dixit
1105 4041 1108 4048 '
1330 4065 1339 4076 =

365 4151 426 4210 Hos
454 4158 536 4231 igitur
563 4171 666 4216 errores
695 4178 713 4216 a
741 4160 836 4217 oeteris
857 4161 994 4235 separaoi3
1014 4160 1177 4234 seripserunt
1198 4159 1373 4228 onim·fa1so‚·

267 4312 271 4322 ,
301 4255 370 4315 quae
390 4243 463 4294 recte
483 4239 613 4316 legerunt.
641 4241 743 4299 Rettuli
763 4250 850 4300 autem
871 4241 924 4327 buo
944 4261 977 4299 ea
997 4259 1101 4317 quoquo
1117 4239 1259 4317 Sophoclis
1279 4244 1374 4310 verba,-

301 4341 369 4400 quae
396 4323 517 4399 proxime
545 4326 631 4400 ipsum
662 4325 762 4395 loonm,
793 4327 838 4384 ubi
864 4326 1000 4403 leguntur,
1033 4327 1066 4384 ab
1093 4327 1280 4403 interpretibus
1309 4341 1373 4382 oum
