3026 5174
1131 411 1322 514 rr'r

108 629 124 668 a
144 610 222 685 po'e‘ta
242 606 373 684 proticisci
394 607 517 683 potuerit,
538 608 564 664 is
583 607 642 682 ipse
661 610 751 667 nescio
772 626 807 668 an
827 626 911 686 paene
926 613 962 668 sit
976 608 1072 669 audax.
1102 611 1173 674 Nam

108 709 261 768 quousque
282 695 311 748 in
330 691 551 748 translationibus
571 695 666 766 poetae
701 698 837 770 progressi
858 697 920 764 sint,
942 714 995 751 non
1017 701 1078 754 ante
1098 705 1170 773 pote·

73 822 77 831 .
102 779 138 835 rit
164 777 304 844 allirmari,
335 794 412 850 quarn
440 775 630 841 translationes
656 781 683 832 et
703 781 773 854 tropi
794 790 811 834 a
831 781 917 853 potitis
937 783 1055 854 usurpati
1078 799 1170 840 omnes

104 866 180 916 erunt
207 859 315 916 collecti
342 866 421 933 atque
449 861 600 934 comparati.
642 859 697 918 Sed
718 879 785 936 quae
804 861 867 919 huic
886 867 974 920 versui
994 867 1065 920 inest
1085 870 1169 924 trans·

103 944 185 1012 latio,
207 963 240 1000 ea
260 945 391 999 veteribus
414 944 520 999 minime
541 948 598 1000 erat
617 945 746 1006 insolens.
785 944 949 1004 Tribuuntur
970 951 1039 1004 enim
1061 952 1170 1024 gemitui

102 1025 234 1103 epitheta,
262 1045 328 1101 quae
348 1030 451 1102 proprie
473 1025 506 1082 ad
527 1045 595 1092 rem,
622 1046 674 1101 qua
694 1037 851 1105 provocatur
871 1037 950 1105 atque
969 1030 1001 1086 nt
1020 1031 1067 1089 ille
1088 1036 1168 1110 gemi-

103 1117 163 1178 tus,
184 1113 330 1186 pertinent,
352 1113 372 1168 1.
395 1130 419 1166 1.
441 1129 520 1184 quum
540 1111 636 1167 vulnus
658 1115 693 1168 sit
715 1103 914 1188 αἱματηρόν,
936 1117 1050 1189 gemitus
1068 1135 1170 1192 quoque

100 1195 211 1250 vulnere
236 1193 343 1250 effectus
370 1196 409 1250 ita
437 1194 591 1269 appellatur.
633 1193 674 1252 Ita
695 1204 779 1252 autem
803 1197 916 1272 exempli
937 1200 1024 1272 gratia
1043 1198 1118 1278 Virg.
1140 1204 1169 1258 in

100 1275 170 1334 Aen.
192 1271 222 1337 l.
245 1271 316 1336 169.
337 1273 467 1336 anchorae
487 1293 582 1336 uncum
604 1281 718 1336 morsum
741 1279 813 1347 dicit,
834 1284 897 1354 quia
917 1279 1032 1344 anchora
1053 1301 1169 1342 morsum

99 1361 201 1418 iaciens
230 1379 310 1418 curra
339 1369 395 1430 est,
415 1369 442 1418 et
467 1353 497 1420 8.
524 1355 596 1420 596.
618 1361 831 1439 quadrupedante
851 1367 942 1420 sonitu
961 1364 1086 1442 ungulam
1108 1371 1171 1442 equi

100 1451 240 1502 concutere
271 1463 404 1519 campum,
444 1449 489 1519 qui
521 1463 605 1520 equus
639 1463 732 1502 sonum
768 1445 849 1504 edens
884 1453 927 1505 est
958 1447 1168 1524 quadrupedans.

98 1527 200 1584 Eodem
229 1547 291 1604 pars
320 1528 499 1603 ‘exemplorum
531 1533 644 1604 pertinet
670 1528 776 1586 aLob.
798 1528 832 1586 ad
853 1527 897 1606 ij.
919 1549 945 1588 r.
967 1526 998 1590 7.
1020 1533 1167 1602 allatorum,

99 1612 172 1668 velut
193 1611 305 1670 Lueret.
328 1607 357 1672 l.
378 1603 430 1670 24.
471 1611 620 1669 Nemeaeus
642 1611 733 1676 hiatus
752 1613 847 1682 leonis,
868 1613 934 1671 Eur.
955 1614 1036 1672 Herc.
1059 1617 1078 1676 f.
1093 1608 1167 1676 ⁴43.

99 1686 324 1773 desumitur...-
337 1687 462 1776 γραίὰς
490 1684 600 1753 ὄσσων
625 1685 676 1760 ἔτι
702 1686 822 1772 πηγάς.
863 1695 965 1754 Phoen.
988 1691 1079 1756 1350.
1101 1695 1169 1774 (non

98 1778 199 1836 Bacch.
229 1771 321 1836 1158.
347 1787 379 1833 ut
401 1777 472 1835 Loh.
494 1767 714 1854 111)α’νάγ111
737 1773 887 1837 aoxoae'a
910 1773 1169 1840 ἔπὶ....,λενκι·
1253 1799 1258 1814 ·

100 1852 392 1940 πνᾷχειςιιιτύπους-
402 1857 524 1938 χεροῖν.
564 1857 636 1918 Nam
660 1862 703 1918 leo
723 1859 874 1920 Nemeaeus
895 1869 950 1930 est,
977 1865 1009 1918 ab
1031 1863 1062 1920 e'o
1084 1873 1168 1920 antem

98 1941 192 2000 histris
208 1942 390 2018 proficiscitur,
412 1944 487 2012 oculi,
510 1963 527 1998 a
549 1947 641 2018 quibus
661 1945 825 2002 lacrimarum
847 1946 935 2002 lentes
958 1953 1087 2015 emanant,
1109 1955 1171 2004 sunt

100 2027 218 2094 seniles,
247 2043 356 2094 manus,
382 2027 475 2101 quihus
500 2029 569 2084 ictus
598 2028 752 2096 efficiuntur,
774 2019 997 2108 λευκοπήχεις.
1039 2029 1091 2086 His
1114 2033 1168 2106 qui·

99 2107 161 2167 dem
181 2111 210 2166 in
232 2109 359 2184 exemplis
380 2112 475 2184 ubique
496 2112 688 2168 sementivum
711 2119 753 2169 eat
774 2109 900 2182 additam,
923 2115 965 2169 eui
986 2113 1033 2170 illa
1054 2112 1168 2188 epitheta

99 2199 161 2272 apta
182 2199 258 2262 sunt,
279 2196 318 2250 ita
339 2201 368 2250 ut
388 2195 505 2251 fortasse
524 2195 611 2252 forma
631 2201 732 2252 tonmm
753 2197 786 2252 ab
806 2197 854 2254 illo
875 2195 1013 2274 recedere,
1040 2215 1068 2254 re
1090 2203 1168 2273 atqua

100 2279 263 2353 cogitatione
289 2295 347 2334 cum
375 2295 405 2334 ee
435 2278 617 2356 conjungenda
641 2287 702 2336 esse
717 2279 875 2339 rideantur:
905 2287 932 2338 at
952 2279 1018 2338 haec
1040 2281 1116 2339 aliter
1137 2301 1168 2338 se

98 2359 195 2417 habere
228 2378 264 2416 ex
296 2358 395 2417 Aesch.
417 2359 535 2436 Choeph.
565 2381 592 2419 1.
622 2357 693 2422 150.
728 2368 927 2438 cognoscimus:
960 2351 1029 2422 ἵετε
1060 2354 1168 2442 δάκρυ

7 2519 8 2522 ¹
101 2433 250 2524 καναχὲς
269 2434 448 2520 o’ibpmoov
465 2435 616 2525 ὀλομένῳ
637 2437 800 2521 δεσπότᾳ,
820 2449 864 2503 ubi
884 2447 1018 2502 lacrimam
1040 2455 1168 2504 mortuam

100 2531 180 2604 polita
201 2527 334 2603 appellat,
364 2530 425 2602 quia
445 2537 552 2604 propter
572 2535 701 2584 mortuom
722 2526 814 2584 herum
835 2525 988 2596 effunditur,
1010 2528 1168 2604 adjectivum

7 2641 8 2662 1
101 2620 188 2668 autern
216 2609 285 2668 illud
310 2609 345 2668 ad
364 2615 497 2688 proprium
520 2611 621 2687 suist,
646 2609 750 2680 herum,
781 2611 875 2667 referri
896 2631 948 2669 nen
969 2617 1073 2687 potest,
1106 2615 1168 2686 quia

7 2693 8 2708 l
100 2695 170 2751 idern
198 2694 253 2772 adj.
280 2693 343 2752 huic
365 2689 421 2772 jain
448 2703 489 2752 est
517 2694 643 2755 additum.
686 2693 760 2755 Haeo
787 2699 873 2772 igitur·
889 2697 1008 2772 antiquis
1036 2696 1170 2770 politiori

7 2789 10 2802 ¹
100 2779 227 2848 licebant,
262 2783 322 2853 quis
351 2779 449 2836 similia
477 2778 573 2835 audeat
602 2776 728 2852 Sophocli
755 2777 918 2856 abjudicare,
952 2777 1092 2854 Sophocli,
1122 2781 1168 2853 qui

101 2881 184 2938 neque
206 2853 325 2942 φοίνιιι
346 2853 528 2936 toitpoua
551 2854 692 2938 κέντρα,
714 2881 797 2938 neque
820 2863 872 2919 alia
893 2863 974 2920 multa
995 2861 1081 2919 dicere
1101 2866 1168 2920 reri·

7 3001 34 3010 „
99 2953 143 3003 tue
164 2953 215 3014 est,
238 2943 305 3021 quae
326 2949 486 3003 nostratibus
508 2965 561 3003 non
582 2949 694 3022 amplius
716 2947 942 3004 1111111111111

186 3027 241 3086 Sed
269 3028 348 3086 redeo
379 3029 449 3086 unde
476 3029 613 3104 digressus
643 3049 712 3090 sum.
767 3029 902 3086 Scholium
937 3018 1018 3087 Οὐδ’
1045 3016 1082 3094 lic
1107 3018 1171 3099 ι’ἡν

103 3101 402 3190 θερμοτάτην...
435 3105 583 3190 alpaide,
615 3106 746 3181 11111...
773 3102 1028 3186 ἀναδιδομένην
1055 3109 1170 3166 nondum

103 3195 285 3260 demonstrat,
315 3197 414 3252 auctori
444 3211 493 3249 suo
520 3213 573 3249 nen
602 3192 720 3249 doluisse
741 3193 892 3250 articulum:
922 3192 1031 3250 debebat
1052 3197 1120 3252 en'nr
1140 3197 1170 3252 in

72 3278 320 3352 *interpretatione
352 3276 398 3332 ille
431 3275 528 3352 adjici,
561 3277 665 3332 etiamsi
692 3279 719 3332 in
749 3281 842 3352 poitae
870 3279 956 3333 verbis
984 3269 1082 3338 deerat.
1133 3277 1170 3336 lu

105 3364 196 3418 omisit
225 3359 362 3416 articulum
392 3363 466 3415 metri
493 3379 573 3415 carisa
599 3377 656 3415 cum
685 3360 746 3416 aliis
775 3379 843 3416 nunc
865 3359 956 3420 Herm.
978 3365 1005 3418 in
1027 3369 1170 3422 retractati.

111 3433 202 3503 Oulde'
231 3463 311 3511 vero,
336 3442 411 3518 ¹quod
439 3443 500 3499 olim
529 3443 620 3502 Herm.
645 3445 673 3499 in
703 3442 744 3500 ed.
770 3443 907 3504 aWuud.
929 3447 1051 3520 probatus
1074 3450 1171 3510 carisii,

106 3527 193 3585 schol.
217 3536 288 3584 certe
309 3525 401 3600 utique
422 3525 521 3584 hahuit.
547 3526 637 3592 Porro,
653 3525 686 3583 ad
707 3547 734 3586 1.
746 3521 818 3596 702.
835 3536 987 3600 annotatum
1003 3535 1058 3586 est:
1082 3523 1172 3584 τότε

107 3605 186 3690 γάρ
217 3601 320 3682 ἡνίκα
341 3599 784 3688 ἐξανίησιδακὲθυθμος
805 3600 885 3678 ἄτα,
908 3595 1022 3688 ἕρπει
1052 3601 1174 3682 πόρον

107 3685 222 3754 ἄλλοτ’
243 3686 378 3763 ἄλλον,
393 3681 596 3771 εἰλυόμενος,
618 3683 727 3772 ὥσπερ
749 3688 832 3761 παῖς
853 3683 930 3750 ἄνευ
952 3685 1054 3770 φίλης
1076 3677 1174 3759 rodes·

109 3793 170 3849 νης
190 3768 356 3876 ὑπιξρχων,
399 3778 581 3856 Legit-igitur
601 3776 644 3834 hic
665 3768 776 3856 ἕρπει,
804 3797 850 3852 pro
874 3795 924 3850 quo
946 3773 1037 3833 Herm.
1058 3777 1087 3828 11
1109 3770 1172 3830 edit.

100 3863 203 3937 ‘aliique
234 3877 328 3941 ειρπε
350 3867 507 3940 posuerunt,
539 3867 565 3917 et
595 3850 673 3938 γάρ,
702 3860 773 3935 quod
794 3860 862 3917 idem
887 3859 977 3934 Herm
1001 3858 1063 3913 olim
1085 3860 1113 3913 in
1135 3849 1173 3916 δέ

109 3950 225 4014 mutarit,
249 3951 522 4004 1111111111111111
544 3935 641 4019 ἕρπει
663 3934 727 4022 γάρ
749 3947 858 3999 omnine
880 3943 1001 4018 ejiciens:
1023 3949 1077 4020 tum
1099 3939 1174 3998 seho·

110 4028 188 4086 liasta
221 4031 289 4102 legit
323 4017 449 4106 liltore
480 4036 507 4085 et
543 4019 666 4099 ἄλλον,
703 4046 749 4101 pro
780 4028 873 4100 quibus
903 4027 1038 4084 vocabulis
1072 4024 1175 4101 quidam

119 4102 222 4171 ἄλλον
251 4103 342 4190 ἄλλᾳ
367 4115 546 4191 conjecerunt,
576 4119 603 4168 et
630 4100 707 4177 τότ’,
734 4108 805 4183 quod
825 4127 841 4166 a
862 4105 947 4164 schol.
967 4112 1097 4169 1111111111
1120 4128 1180 4169 essa

117 4198 212 4272 injuste
241 4196 334 4258 Herm.
363 4199 390 4254 in
416 4194 460 4253 ed.
487 4196 608 4271 negarit„
637 4196 665 4250 in
692 4198 809 4250 retracti.
836 4182 914 4250 τότε
934 4202 961 4252 et
981 4197 1038 4270 ipse
1060 4211 1178 4250 servans.

119 4277 186 4336 'lunt
219 4283 341 4356 quoniam
370 4281 416 4337 ille
442 4264 550 4358 ὥσπερ
581 4271 729 4344 παῖς....
751 4267 903 4356 ὑπάρχων
924 4281 969 4346 111,
991 4291 1013 4335 el
1038 4279 1070 4334 111
1092 4264 1181 4337 tideo
1229 4272 1232 4287 '
