3024 5188
1099 445 1161 511 221

137 604 232 676 197.
274 601 356 692 ἐμῶν
377 600 460 683 τόδ’,
483 649 490 664 .
514 647 522 664 .
546 647 553 663 .
576 647 584 664 .
606 601 709 686 βύοει
730 599 834 686 βῶσιν
855 600 1055 690 ἁρμόσαι.

56 707 111 790 Sic
150 753 227 790 cornu
257 731 334 791 cotltl.
366 734 568 794 commentator,
599 734 743 784 annotans:
776 717 858 804 ἐμόν
885 720 956 786 ἔστι
977 726 1074 794 τοῦτο
1080 739 1092 809 3
1122 729 1161 794 td

54 806 244 894 ἁρμόσαι
265 857 273 873 .
297 856 304 872 .
398 802 460 885 τήν
487 803 593 889 βύοιν
621 803 662 894 τῇ
692 803 863 888 καθέδρᾳ.
913 810 1032 871 Alterum
1061 820 1163 876 scilicet

55 895 196 978 βάσιν
221 899 417 958 fundamentum
438 900 496 953 rive
517 896 598 952 limen
621 893 770 970 siguificare
791 906 865 951 ratur
887 903 937 952 ert.
974 895 1026 953 Sed
1047 901 1108 956 inde
1130 903 1162 959 ab

55 984 225 1060 Elrnslejo
248 981 404 1040 emendatur
424 965 620 1062 ἅρμοσαν,
638 981 759 1056 graviore
781 982 992 1054 interpunctione
1007 990 1068 1058 port
1085 972 1163 1043 τόδε

53 1073 187 1144 posita.
306 1072 309 1078 '

141 1177 233 1242 252.
276 1183 397 1254 Syrtema
422 1187 631 1240 tetrametrorum
659 1177 757 1250 dactyl.
784 1179 916 1240 clauditur
936 1185 965 1240 in
987 1183 1064 1240 bouis
1086 1182 1164 1242 codd.

56 1268 123 1326 liis*
141 1269 296 1326 verritur:
1093 1283 1097 1294 ·

248 1377 290 1444 οὐ
332 1373 378 1464 οὶρ
401 1373 488 1454 ἴδοις
510 1368 561 1443 ῶν
582 1373 724 1458 copon
744 1371 905 1458 βροτῶν,
925 1369 1021 1454 ὅστις
1042 1373 1087 1461 ῶν

246 1455 278 1526 εἰ
333 1463 386 1536 roc
407 1457 501 1544 ἄγοι,
523 1459 681 1546 ε’κφογεῑν
703 1459 852 1525 δύναιτο.

68 1589 190 1665 Neque
218 1589 295 1644 aliter
315 1593 393 1643 retur
414 1567 543 1659 luterprer
564 1584 642 1660 legit,
670 1586 723 1640 nisi
744 1581 828 1657 quod,
856 1591 887 1639 ut
906 1583 1030 1642 librarius
1051 1590 1079 1644 in
1100 1588 1163 1647 lem·

69 1683 181 1742 mate,
212 1663 377 1748 ἄναθρῶν
396 1667 504 1735 habuit,
527 1675 720 1761 commentam:
744 1659 783 1724 οὐ
803 1658 869 1762 γάρ
892 1657 980 1761 ἴδοις
1000 1661 1166 1762 ρέναθρῶν

71 1750 244 1834 βροτῶν,
279 1739 375 1819 ὅστις
396 1742 439 1808 ἂν
461 1743 617 1832 ἐκφογειν
638 1746 793 1822 ὂνναιτο,
822 1767 855 1808 ει
878 1743 962 1820 aleon
984 1744 1069 1828 ἄγοι.
1111 1755 1164 1813 pm

71 1835 230 1920 βροτῶν
251 1836 328 1894 codd.
349 1836 434 1894 Tricl.
456 1843 526 1922 recte
546 1825 686 1917 βροτόν.
714 1833 784 1892 'l'um
806 1841 894 1911 potert
915 1838 1044 1912 interpres
1065 1837 1165 1914 legione

251 1942 348 2030 ἄγοι,
368 1941 520 2032 ’κφνγεῖν
542 1993 550 2008 .
573 1991 581 2006 .
605 1991 634 2020 .,

78 2073 163 2150 quod
189 2081 273 2130 metro
295 2071 445 2148 flagitatur,
462 2081 527 2128 'non
552 2068 644 2128 habuit
664 2070 744 2128 ullam
766 2089 870 2142 vocem,
904 2092 969 2148 quae
990 2074 1065 2131 librir
1087 2072 1166 2134 derit.

76 2157 239 2216 Excidisre
269 2161 356 2212 autem
380 2154 493 2229 aliquam
516 2162 577 2229 post
596 2145 728 2232 βροτόν
748 2147 918 2214 Hermannur
940 2167 1046 2228 contet,
1076 2179 1164 2234 quaru-

78 2247 132 2300 vis
159 2243 249 2298 lenior
268 2238 389 2298 rideatur
410 2235 539 2295 medicine
561 2239 594 2295 ab
616 2239 663 2296 illo
684 2242 744 2314 ipro
766 2242 823 2296 viro
846 2233 944 2299 illustr.
958 2243 1021 2299 olim
1037 2241 1164 2314 adhibita,

80 2335 116 2383 ut
140 2315 294 2399 ἄντομαι
312 2327 341 2379 in
362 2341 390 2377 v.
411 2314 475 2380 250
496 2329 657 2396 repetamus,
682 2321 752 2397 quotl
773 2326 881 2380 rerlrum
904 2328 982 2383 etiam
1003 2331 1031 2384 in
1052 2347 1079 2384 r.
1100 2319 1167 2388 244

82 2412 129 2468 lrir
156 2411 277 2485 positum
299 2412 351 2464 est.
392 2403 479 2477 Eique
500 2403 675 2462 emendationi
696 2423 730 2464 ne
752 2403 855 2462 scholia
876 2408 979 2480 quidem
1000 2411 1116 2468 obstant.

83 2549 88 2563 ¹
158 2517 236 2583 336.
280 2514 513 2594 cf.11.cap.2.

159 2617 235 2684 381.
280 2619 323 2680 cf.
344 2641 370 2699 p.
392 2619 429 2682 ΙΙ.
451 2639 507 2696 cap.
531 2611 559 2678 l.
582 2609 610 2697 ξ.
631 2613 662 2679 3.
683 2617 720 2675 D.

159 2717 235 2786 486.
279 2711 320 2792 ῶς
341 2737 435 2804 σφας
456 2709 624 2797 καλοῦμεν
646 2709 851 2798 Εὐμενίδας,
872 2711 914 2794 ἐξ
935 2715 1107 2800 εὐμενῶν

272 2798 418 2902 στέρνων
439 2797 603 2886 δέχεσθαι
625 2796 685 2866 τὸν
706 2798 825 2880 ἱκέτην
845 2799 1010 2890 σωτήριον
1164 2827 1167 2834 ·

271 2889 377 2951 αιτοῦ.

90 2991 155 3065 Ὡς
188 2985 357 3068 καλοῦμεν
389 2981 496 3061 αὐτοῖς
527 2981 734 3072 Εὐμενίδας,
768 2983 875 3065 οὐτως
907 2985 1013 3065 αὐτας
1044 2987 1169 3068 καλῶν,

95 3068 374 3153 κοῖξεομενῶν,
396 3071 457 3131 καὶ
477 3061 574 3144 ἰ’λεως
594 3068 808 3152 ποιούμενος,
830 3071 956 3135 ἱκέτευε
979 3118 1008 3135 ..
1023 3117 1053 3132 ..
1085 3077 1169 3132 Inter·
1210 3123 1213 3128 .

93 3184 160 3241 pres
183 3165 266 3236 igitur
285 3145 467 3232 ἒξενμενῶν
487 3156 592 3224 habuit,
626 3159 735 3233 ejusque
755 3159 829 3214 verbi
850 3163 963 3216 activam
983 3161 1087 3234 putarit
1107 3177 1169 3215 erae

94 3247 268 3309 senteutiam,
289 3239 363 3296 velut
383 3243 549 3296 transitivam
570 3241 643 3296 verbi
664 3233 816 3316 εὐμενεῖν
835 3238 920 3299 rohol.
942 3239 977 3299 ad
997 3239 1076 3300 Pind.
1088 3240 1169 3313 Pyrr.

94 3325 128 3390 4.
160 3320 225 3388 225
253 3326 362 3400 accepit.
412 3321 547 3380 Intellexit
576 3331 664 3380 autem
692 3333 880 3382 commentator
907 3335 1000 3384 noster
1027 3325 1180 3404 Sophoclis·

98 3415 182 3470 verba
206 3409 259 3467 lroc
280 3406 374 3466 modo:
406 3413 437 3464 ut
457 3405 605 3466 Benevolar
626 3425 673 3466 ear
695 3407 872 3484 appellamur,
900 3413 939 3468 ita
960 3427 1006 3470 eae
1026 3409 1169 3470 benerolar

99 3495 214 3554 reddens
235 3489 268 3565 (ἰ.
290 3512 315 3549 e.
337 3490 430 3550 eodem
451 3495 556 3548 nomine
577 3490 754 3568 adhibendo),
783 3499 870 3552 animo
892 3513 1015 3570 precare,
1036 3504 1067 3552 ut
1193 3523 1197 3531 ·

101 3579 240 3657 Supplevit
261 3579 329 3632 enim
351 3565 409 3633 ἕπε’
432 3573 466 3631 ad
487 3567 642 3652 στέρνων,
673 3587 866 3636 commentans:
895 3571 965 3636 Ἐπὶ
986 3572 1053 3637 τῶν
1073 3571 1169 3656 στέρ-

102 3677 169 3722 νων
189 3653 220 3723 ολ
243 3675 271 3721 τ.
292 3651 340 3737 μή
363 3651 399 3744 ἐξ
416 3649 603 3733 ἐπιπολῆς,
624 3649 702 3718 ἀλλ’
721 3653 939 3731 rationator.
1182 3655 1184 3663 ⁴

166 3771 237 3840 504
270 3776 422 3836 Hermanno
445 3783 552 3833 auctore
567 3767 714 3874 ppfqorap'
732 3767 769 3856 μ’
787 3768 939 3858 ε’φενρεῖν
959 3800 976 3840 a
996 3779 1172 3855 complurium

106 3871 235 3940 receptum
257 3870 300 3921 ert
320 3882 367 3938 pro
385 3856 451 3940 χρὴ
468 3849 565 3917 Ὑσται
585 3862 627 3919 rel
643 3879 708 3941 χρη
723 3877 815 3941 orac,
838 3863 908 3943 quod
929 3873 958 3926 in
980 3864 1172 3945 coltlegitur.
1230 3922 1239 3934 ,

107 3945 196 4014 Soloi.
230 3951 286 4004 ait:
316 3938 409 4025 χρείη
445 3935 561 4017 ἔσται,
591 3944 679 4002 κατα
709 3942 941 4031 σνναλιφὴν*)
965 3939 1172 4048 μρῆοτιιιᾞ,

52 4091 54 4098 ,
109 4029 231 4105 Sequitur
251 4031 303 4106 jam
325 4034 362 4099 ir,
385 4032 428 4105 qui
452 4027 555 4086 scholia
575 4033 721 4105 excerpsit:
743 4020 777 4092 οἱ.
800 4045 828 4090 τ.
846 4027 941 4114 χρείη
964 4049 1071 4102 sorar,
1099 4037 1170 4097 Tum
1289 4071 1294 4078 -

108 4150 306 4162 ι-ι-ιμ--ι-

173 4221 197 4281 *ι
215 4227 250 4271 or.
268 4225 344 4272 aanor.
362 4227 539 4285 occsurum
558 4226 638 4280 uino.
656 4229 733 4278 uiuo
750 4230 853 4285 anau.
872 4235 947 4289 ruer.
963 4234 990 4288 o.

86 4344 87 4350 ,
164 4294 195 4351 ·“)
214 4294 321 4343 Proetum
339 4296 411 4344 ratum
428 4297 451 4342 tn
469 4299 541 4356 nrjur
559 4298 651 4353 mauri,
