3026 5174
382 437 423 508 70

384 629 485 686 cunque
507 609 665 680 deciderent,
687 613 815 688 imprimis
837 614 918 690 igitur
939 609 974 668 ad
995 625 1060 668 aves
1080 629 1097 668 a
1117 609 1268 670 Philocteta
1285 611 1373 686 jactas
1394 632 1448 688 per·

384 698 468 750 tinere
492 701 618 752 censeret.
661 693 703 752 De
724 695 817 756 avibus
838 695 906 756 solis
927 693 1001 758 Phil.
1022 696 1127 754 locutus
1149 703 1206 754 erat
1229 695 1373 758 simillimis
1394 715 1450 754 ver·

385 780 439 844 bis,
461 799 488 835 ι.
509 769 582 840 289.
604 796 680 856 ιιιμ

589 886 672 968 πρὸς
694 889 731 955 δὲ
752 885 885 954 τοῦθ’
866 881 976 991 ι’μοι
997 886 1109 992 βάλοι

475 1051 478 1058 ¹
592 969 883 1072 Νιοροσπιιδής
860 994 1045 1078 ιιιρακιος,
1066 967 1169 1073 αὐτὸς
1189 967 1233 1038 tto
1254 969 1362 1050 τάλας

588 1051 760 1155 Εὶλοόμην
781 1055 942 1155 δύστηνος
963 1051 1103 1133 ἐξέλκων
1124 1052 1216 1123 πόδα

591 1136 689 1221 Πρὸς
711 1136 799 1202 τουτ’
816 1135 869 1208 ἄν

386 1259 423 1322 Et
445 1259 511 1330 iliud
532 1249 568 1316 εἴ
586 1273 618 1316 τι
638 1251 777 1334 ἐμπέσοι
807 1265 905 1338 recepit
925 1259 1024 1331 Diod..
1053 1263 1115 1322 soll.
1138 1260 1237 1320 Aescb.
1236 1262 1356 1360 'Suppb
1378 1257 1450 1324 776

386 1337 472 1422 (799.
495 1337 607 1418 Schiitz)
629 1337 726 1420 βοῦνι
748 1335 894 1414 ἔνδικον,
915 1363 1070 1422 quamquam
1086 1356 1189 1423 praeter
1210 1336 1451 1408 adsuescerent

384 1428 442 1504 pla
450 1425 528 1504 hujus
549 1425 638 1487 hiatus
667 1447 720 1484 nou
748 1438 855 1489 exstant
882 1434 948 1488 satis
970 1437 1056 1498 certa,
1089 1435 1143 1488 et
1136 1450 1194 1507 ipso
1216 1433 1244 1488 in
1265 1429 1365 1490 Aescb.
1387 1452 1413 1488 v.
1436 1453 1452 1489 a

386 1511 563 1586 compluribus
583 1504 700 1588 βοῦνις
722 1517 852 1571 scribitur.
895 1513 966 1572 iliud
987 1505 1062 1573 seori
1082 1531 1146 1572 vero
1168 1535 1202 1575 es
1222 1515 1268 1573 Βι.
1291 1517 1361 1592 conj.
1383 1535 1452 1574 reoc—
1497 1553 1498 1562 ι

386 1593 673 1676 pemntErf.Sch'af.
696 1594 919 1660 Ruttm.W11nd.

472 1693 525 1752 Sed
553 1694 722 1756 scholiastann
748 1705 883 1774 praeterea
912 1671 990 1754 etiam
1016 1687 1108 1774 iios,
1140 1717 1193 1756 non
1214 1688 1311 1768 ἑλεῖν,
1333 1698 1437 1775 quod
1428 1720 1455 1758 ιι

386 1777 462 1835 libris
492 1786 547 1848 est,
579 1779 678 1856 legisse
708 1783 829 1846 concludi
857 1801 910 1840 non
936 1791 1034 1882 potest.
1076 1781 1176 1842 Eadem
1210 1786 1279 1839 enirn
1314 1786 1342 1840 in
1368 1782 1499 1856 schol.

385 1861 498 1924 lectione
520 1863 687 1920 anacolutbia
712 1877 815 1936 manet,
837 1885 910 1962 'quae
935 1870 964 1924 in
993 1866 1138 1925 Hermanni
1164 1874 1218 1935 est,
1250 1866 1396 1924 infinitivus
1428 1867 1499 1924 ut

384 1945 544 2042 respondeat
563 1951 680 2022 optativo
701 1941 945 2022 κατεννάσειεν,
967 1969 1044 2024 quum
1065 1957 1174 2024 uterque
1195 1969 1212 2005 a
1231 1953 1320 2008 verbis
1337 1939 1457 2008 οὔτινα

385 2043 488 2108 εχων,
517 2049 582 2104 quae
604 2037 685 2088 totam
707 2037 864 2094 sententiam
894 2039 1001 2105 regunt,
1030 2031 1153 2106 pendeat.
1194 2031 1236 2084 Ita
1256 2049 1318 2084 vero
1340 2051 1459 2090 consen·

385 2119 491 2176 taneum
513 2121 577 2182 erat,
599 2132 616 2170 a
638 2112 812 2175 scholiasta
804 2134 832 2172 ιιι
853 2115 923 2188 expl.
946 2111 1138 2170 anacoluthiarn
1158 2112 1223 2188 vulg
1206 2115 1260 2168 sari
1284 2131 1314 2168 ac
1333 2112 1461 2188 legitima

386 2201 578 2259 constructione
600 2200 719 2292 exprimi.
762 2198 816 2255 Sed
836 2194 906 2254 idem
931 2199 1059 2271 interpres
1079 2201 1172 2270 aperte
1193 2213 1247 2254 non
1270 2183 1308 2254 ἐκ
1331 2211 1367 2252 τε
1390 2191 1500 2268 γᾶς

385 2279 490 2350 babuit,
522 2280 571 2340 sed
595 2273 634 2338 τὲ
655 2284 754 2339 omisit.
798 2279 873 2344 Quae
897 2280 1045 2378 oonjpnctio
1067 2283 1157 2354 utique
1177 2282 1267 2356 inepta
1287 2284 1338 2334 est.
1381 2275 1458 2337 Nam

386 2383 472 2442 neque
497 2371 558 2440 post
587 2362 638 2421 duo
667 2366 796 2422 vocabula
824 2355 971 2462 (puppi.³
954 2377 991 2420 εκ
980 2366 1075 2460 poni
1093 2369 1214 2456 poterat,
1241 2379 1324 2438 neque
1346 2367 1457 2420 ommino

384 2447 482 2508 licebat
503 2453 658 2506 sententiam
718 2439 907 2529 opssoe'doc'
891 2463 925 2506 ικ
953 2440 1014 2526 γᾶς
1036 2437 1126 2506 ἑλεῖν
1148 2465 1206 2503 curn
1226 2447 1315 2502 verbis
1336 2451 1390 2502 tam
1414 2467 1456 2503 re·

385 2537 466 2594 motis
487 2517 577 2602 ic„
606 2467 742 2600 α’ποιλλη
769 2542 799 2591 ut
828 2533 920 2592 Herm.
948 2532 1047 2600 voluit,
1078 2531 1208 2606 particula
1234 2519 1269 2586 τὲ
1290 2537 1456 2599 connectere,

386 2619 509 2713 qnoniam
530 2635 561 2672 ea
598 2622 745 2677 arctissime
773 2623 874 2676 tantum
901 2573 1073 2674 cohaerentis
1098 2633 1141 2670 res
1171 2614 1287 2688 copulat.
1329 2611 1456 2688 Ideoque,

387 2702 494 2772 opinor,
516 2699 600 2754 Trici.
628 2709 653 2757 et
675 2701 792 2756 Turneb.
815 2691 855 2756 ἔκ
884 2714 922 2773 γε
943 2693 1018 2794 γᾶς,
1046 2697 1092 2754 Βι.
1120 2681 1206 2754 diors
1227 2691 1302 2771 γᾶς,
1322 2695 1406 2753 Diod.
1430 2705 1458 2754 et

385 2771 521 2834 Wund’
505 2793 540 2834 ιιι
560 2773 677 2854 γαίας,
698 2781 819 2842 Herm.
811 2800 840 2837 ιιι
861 2788 977 2836 retractt.
1000 2772 1037 2836 ἐκ
1053 2774 1166 2857 (λέγοις
1184 2783 1355 2873 scripserunt.
1384 2780 1457 2836 λλλιιιλ

386 2856 426 2918 τέ
445 2867 531 2916 autem
553 2871 599 2918 aut
620 2883 637 2919 a
657 2866 826 2940 grammatico
849 2861 978 2938 adjectum
1002 2870 1057 2932 est,
1089 2867 1132 2939 qui
1154 2881 1233 2940 quum
1256 2851 1307 2937 si,
1326 2885 1378 2922 non
1403 2850 1459 2921 κεί

386 2942 503 3043 legeret,
526 2946 644 3020 copulam
667 2945 838 3016 desideraret,
860 2954 904 3002 aut
925 2965 960 3010 cs
981 2949 1120 3006 anterioris
1142 2963 1235 3006 uersus
1257 2968 1322 3005 uoce
1343 2941 1377 3007 τὶ
1399 2953 1458 3006 siue

385 3022 437 3100 τὶς·
458 3033 577 3088 exortum
600 3038 650 3088 est.

471 3112 575 3172 Deinde
597 3114 768 3176 scholiastam
790 3111 872 3174 adv.
894 3107 966 3175 791.
988 3123 1015 3172 et
1034 3107 1138 3175 705st
1126 3134 1181 3192 jam
1204 3115 1296 3172 Herm.
1319 3118 1459 3172 annotavit

386 3217 439 3256 non
461 3188 622 3276 ἄλλῳ...
630 3193 781 3281 ,πόρων
808 3201 923 3300 legisse,
951 3198 1000 3257 sed
1032 3189 1207 3259 ἄλλον...
1240 3189 1364 3274 πόρον,
1386 3197 1457 3273 qnod

386 3298 489 3336 summo
514 3283 573 3358 jure
599 3289 675 3344 metri
703 3305 784 3342 causa
810 3290 852 3343 vir
878 3285 981 3342 clariss.
1008 3287 1115 3360 recepit.
1158 3283 1195 3340 Et
1224 3273 1329 3340 ἄλλον
1351 3281 1458 3358 quidem

387 3361 463 3418 solus
485 3361 643 3456 scbpliasta‚
671 3357 777 3440 πόρον
802 3385 864 3422 vero
886 3365 940 3422 La.
969 3385 1071 3440 quoque
1100 3373 1127 3420 et
1154 3365 1228 3420 Rios.
1256 3371 1283 3420 et
1303 3360 1388 3420 Flos.
1402 3385 1458 3422 ser·

349 3435 352 3442 λ
386 3449 492 3499 varunt.
526 3433 630 3522 Ἀλλᾳ
658 3453 745 3507 autem
775 3447 837 3502 fort.
865 3451 1034 3542 grarurnatico
1056 3447 1135 3501 alicui
1157 3443 1278 3512 debetur,
1308 3448 1353 3519 qui
1375 3467 1459 3519 quum

387 3517 501 3605 πόρων
521 3527 621 3604 legeret
642 3548 696 3586 non
716 3528 829 3586 habebat
851 3547 901 3603 quo
924 3517 1034 3586 ἄλλον
1054 3527 1173 3583 referret.

474 3609 594 3669 Tueatur
615 3621 749 3689 praeterea
769 3621 834 3670 vett.
857 3616 969 3711 interpp
991 3603 1063 3669 685.
1086 3603 1162 3668 ἒν”
1143 3623 1226 3678 ισοις
1247 3602 1373 3707 glpssa’
1357 3626 1394 3668 ιν
1408 3606 1459 3671 δι-

389 3683 518 3770 καίοις,
546 3717 710 3794 ιιιιιιιιιιυιιι
731 3701 769 3756 ita
789 3686 881 3774 ενγ
908 3687 993 3764 ἴσοις
1014 3714 1115 3772 quoque
1137 3703 1163 3752 et
1189 3681 1237 3758 ὠν
1265 3686 1370 3769 ἴσοις,
1393 3715 1459 3770 quae

388 3781 549 3875 quorundam
571 3755 748 3880 conjecturae
768 3789 846 3850 sunt,
874 3781 998 3855 explicari
1020 3783 1121 3855 potuit:
1143 3786 1198 3834 torn
1219 3771 1290 3838 692.
1312 3773 1460 3855 αἱματη-

389 3855 449 3945 ρόν
469 3869 638 3927 rosontione
660 3881 714 3926 τν
737 3881 855 3944 κακογ.
877 3856 1068 3942 αἱματηρόν
1089 3852 1210 3922 στόνον
1238 3865 1372 3930 muniunt,
1406 3881 1458 3938 qua

391 3951 472 4004 simui
493 3960 616 4047 apparet,
641 3949 711 4008 bunc
736 3960 805 4009 certe
838 3958 1067 4008 commentatorem
1098 3966 1180 4041 neque
1209 3939 1307 4026 κέντρ
1306 3905 1458 4014 ’ὀ6ιλνας

391 4025 601 4127 aiuartip'..
592 4075 632 4108 .‚
657 4033 756 4110 quod
749 4056 776 4092 m
798 4035 982 4100 editionem,
998 4051 1080 4108 neque
1095 4020 1336 4112 amansium...
1355 4023 1455 4106 αἱμα·

394 4105 508 4190 τηρόν,
530 4119 627 4191 quod
619 4141 648 4178 ιιι
669 4127 784 4178 retractt.
807 4121 920 4197 conjecit
941 4115 1043 4183 Herm„
1064 4133 1149 4188 nequa
1171 4114 1224 4169 alia
1245 4111 1454 4210 deniqueverba,

393 4199 447 4260 uisi
469 4216 535 4272 quae
556 4204 680 4262 inlibris
692 4211 779 4302 sunt,
801 4205 911 4280 legisse.
953 4199 992 4256 Et
1016 4199 1134 4274 profecto
1156 4199 1201 4271 qui
1221 4187 1343 4256 στόνον
1364 4184 1455 4255 οιντί·

394 4295 500 4342 ιοπον
519 4275 750 4364 βαρυβρωιῖ..
755 4269 978 4364 .οιῑματηρόν
1003 4279 1128 4340 audacius
1157 4287 1260 4349 censet,
1289 4299 1366 4358 quam
1387 4275 1454 4356 quod
