3032 5168
316 373 358 444 70

316 547 407 616 duxit,
435 544 589 622 quoderat
611 547 787 622 significaret,
814 506 1020 622 solatiumque
1041 551 1143 641 putavit
1164 547 1233 605 hanc
1253 567 1331 609 esse·
1361 551 1384 604 si

316 645 391 707 quem
412 634 510 688 victum
532 631 582 687 sibi
604 639 767 723 compararet
787 650 821 688 ex
843 633 938 688 avibus
958 621 1218 710 (περιποιήσειιν
1230 623 1386 708 ὀρνέοις),

315 717 382 772 alter
408 733 470 770 vero
499 708 632 772 πιννῶν
653 705 759 784 τόξων
781 717 944 790 conjunxit.
970 715 1131 774 Gloseaur·
1118 719 1186 772 cuim
1208 711 1388 792 πτερωτῶν

317 787 424 867 τόξων
447 817 500 854 ocu
521 796 556 854 ad
577 788 777 898 ωκνβόλων,
810 799 879 874 quod
900 799 995 857 lemma
1016 799 1135 874 praefixit
1156 799 1260 868 Elmsl„
1281 797 1331 855 sed
1355 798 1389 855 ad
1477 815 1478 822 ¹

314 875 451 953 πτηνῶν
471 885 617 958 periinere,
639 886 767 939 uerrrineur
790 875 883 958 fugiet.
927 881 982 939 Sed
1004 881 1124 940 adhaec
1146 891 1172 940 et
1193 881 1312 978 codicum,
1333 883 1388 941 La.

313 967 341 1024 b.
364 985 387 1022 e.
411 965 442 1026 Γ.
464 964 539 1026 Ricc.
562 966 624 1022 Par.
646 967 676 1026 b..
692 969 829 1061 scriptura,
853 968 904 1049 qui
918 985 1008 1022 vocem
1029 982 1168 1036 πτανοις
1180 976 1241 1044 post
1251 979 1388 1026 ανοσετι

314 1050 458 1118 collocant,
495 1050 670 1138 corruptionis
707 1050 832 1122 originem
864 1038 1053 1112 dehonestant.
1102 1049 1204 1128 Nempe
1232 1058 1262 1106 ut
1292 1051 1389 1108 calami

313 1134 406 1209 lapelee
433 1125 565 1203 πτηνῶν
592 1133 779 1207 corrigeretur,
808 1139 901 1207 postea
926 1135 1040 1207 genuina
1067 1134 1153 1191 fotura
1179 1127 1319 1206 πτηνοῖς
1343 1132 1389 1192 ad-

315 1221 414 1292 scripta
435 1226 486 1274 est.

397 1323 470 1391 726
512 1318 700 1424 Σπιρχιίον
726 1345 762 1387 τε
790 1345 914 1411 croco
895 1319 1106 1412 ὄχθας*),”
1091 1327 1134 1393 ιν“
1159 1351 1179 1392 o
1170 1323 1392 1412 ’χάλκασπις
1479 1403 1480 1408 1

559 1405 646 1492 οἶνὴρ
667 1402 789 1484 θεοῖς
1479 1413 1480 1418 ’

517 1467 650 1555 πλάθει
673 1494 777 1574 πᾶσι,
798 1494 858 1559 dei
847 1499 884 1586 λῳ
906 1494 985 1582 πνρι
1005 1491 1185 1586 παμφαής,

522 1571 666 1650 ΟὶΗτας
646 1579 728 1663 νπὲρ
749 1562 875 1664 ὄχθων.

319 1728 322 1737 =
397 1698 523 1758 Dativuru
546 1713 629 1776 πνοι
651 1698 790 1758 admodum
812 1703 966 1780 languere'
953 1722 1009 1779 Jaur
1024 1701 1116 1762 Herm.
1130 1705 1279 1760 annotarit:
1301 1703 1390 1761 Wun-

315 1783 393 1842 derus
424 1792 510 1842 auteur
536 1788 633 1842 nemini
660 1786 844 1865 persuadebit,
873 1806 904 1844 ea
933 1806 997 1845 voce
1025 1787 1130 1862 plenum
1153 1786 1389 1844 deorumcoeturn

314 1871 457 1948 significari
478 1890 566 1946 posse,
588 1877 616 1926 iu
638 1890 713 1944 queru
735 1872 820 1928 elatus
843 1890 902 1927 esse
923 1869 1053 1928 Hercules
1076 1875 1112 1926 sit
1133 1870 1255 1928 traditus.
1290 1870 1389 1943 Neque

313 1959 400 2011 miuus
426 1973 553 2027 praeseus
574 1961 676 2024 tempus
698 1956 725 2006 iu
747 1972 775 2006 re
793 1951 947 2025 jamdudum
968 1953 1084 2024 perlecta
1105 1951 1149 2005 hic
1170 1949 1292 2015 ofl'eudit3
1324 1971 1388 2008 ιιιιιιι
1481 1993 1482 2024 ι

313 2055 397 2109 neque
425 2035 594 2099 historicum,
624 2031 694 2104 quod
722 2031 824 2097 dicunt,
856 2029 884 2085 h.
910 2032 930 2084 i.
958 2049 1018 2086 esse
1039 2039 1142 2103 potest,
1173 2033 1294 2103 quouiaru
1316 2030 1386 2085 nihil

311 2116 357 2174 hic
378 2124 505 2180 narratur,
531 2132 614 2186 oeque
635 2115 740 2168 orouiuc
763 2114 817 2168 ista
837 2113 961 2168 alacritas
983 2109 1044 2168 huic
1064 2111 1124 2168 loco
1147 2119 1189 2168 est
1210 2120 1279 2188 apta,
1304 2129 1384 2187 quum

313 2217 415 2256 summa
436 2199 524 2270 potius
546 2199 575 2250 iu
597 2195 715 2250 omuibus
737 2197 800 2250 iueit
821 2197 948 2270 gravitas.

396 2277 471 2340 Quae
493 2277 661 2334 difficultates
677 2277 818 2335 Herruauui
841 2278 989 2354 conjectura
1003 2263 1117 2335 πάλαι
1122 2269 1283 2335 auioueotur.
1307 2277 1387 2334 Simi-

312 2364 373 2422 liler
393 2359 522 2439 Virgilius
546 2359 614 2426 Aen.
640 2355 671 2419 9.
697 2355 778 2422 359
806 2361 938 2432 Euryalus
962 2357 1166 2437 (relinquit)..
1174 2379 1285 2423 arura
1304 2361 1387 2420 bullis

464 2445 591 2522 Cingula,
614 2445 720 2502 Tiburti
740 2445 853 2502 Romulo
876 2445 1023 2503 ditissimus
1042 2444 1108 2501 olim

466 2529 540 2592 (luae
562 2533 642 2588 mittit
662 2528 747 2600 douo,
769 2529 884 2606 lrcspitio
907 2550 985 2606 quum
1004 2531 1128 2606 jungeret
1149 2530 1245 2588 absens

465 2613 604 2670 Caedicus.

399 2696 460 2758 Qua
487 2697 615 2772 particula
640 2701 788 2794 praesentis
816 2701 941 2772 temporis
964 2696 1073 2752 audacia
1095 2703 1262 2771 temperatur.
1305 2692 1388 2753 Nunc

312 2799 375 2838 vero
396 2784 424 2836 iu
445 2786 575 2836 retracti:
604 2783 648 2846 „si
669 2770 792 2847 πάλαι,
822 2783 906 2854 iuquit
928 2781 1037 2848 Herm„
1068 2799 1121 2836 uon
1143 2798 1231 2836 ιοιιιιιι
1254 2788 1308 2847 est,
1331 2782 1387 2835 olo·

276 2893 287 2904 ·
313 2872 406 2943 gauter
433 2865 513 2919 scribi
541 2865 638 2938 poterit
663 2855 762 2931 θιοῖς
789 2857 920 2922 πλάθει
942 2855 1041 2932 θεόςτ
1069 2883 1151 2938 eoque
1180 2865 1243 2921 fort.
1265 2871 1389 2939 spectant

314 2955 436 3024 corrupta
464 2944 624 3006 scholiastae
652 2947 760 3002 rerba“
808 2941 844 3002 A't
874 2948 1014 3004 molestum
1049 2955 1103 3003 turu
1106 2959 1257 3042 praeseus
1287 2953 1388 3008 urauet.

309 3032 373 3108 Neq
372 3052 405 3090 ue
431 3033 497 3108 legit
524 3033 563 3086 ita
588 3028 683 3098 schol,
711 3018 795 3088 ὅπου
823 3021 841 3088 ὁ
872 3021 1115 3099 rebrobare
1092 3025 1240 3107 ανήρ
1200 3047 1240 3088 πε
1244 3023 1388 3102 λάζεται

304 3112 408 3190 πᾶσι.
443 3077 602 3193 Λέγειδέ
625 3105 686 3172 τον
705 3105 875 3194 Ἡρακλέα
898 3123 1038 3172 annotans.
1073 3113 1170 3172 Ubisi
1190 3106 1386 3183 ἕκθιωθιίς

314 3220 368 3259 uon
393 3203 413 3255 i.
440 3219 467 3272 q.
497 3199 561 3255 deus
593 3199 679 3255 factus
709 3199 857 3275 siguificare
889 3209 991 3275 potest,
1025 3199 1072 3256 sed
1101 3207 1199 3255 tanturn
1226 3201 1245 3254 i
1283 3217 1310 3272 q
1322 3193 1384 3254 deo

313 3288 432 3341 sacratus
455 3279 529 3335 lesu
513 3288 583 3354 goat,
605 3280 820 3337 sribendumt
778 3290 820 3337 est
840 3275 1001 3351 θιωθιις.
1035 3283 1127 3380 Pergit
1149 3281 1255 3340 deiude:
1278 3273 1387 3338 πελά-

315 3353 527 3438 ζιταιπᾶσιν.
549 3355 767 3433 ἐπιφαίνεται
784 3353 979 3444 λωμπρὸς’1
954 3379 999 3424 ων
1021 3357 1064 3432 ὥς
1090 3363 1386 3447 πυρ.11ιιιιιιιιιιιιιι

313 3439 398 3515 θιὸς
424 3448 501 3522 legit,
531 3443 579 3504 sed
600 3447 677 3504 siruul
700 3441 799 3513 πᾶσι,
828 3447 885 3515 vel,
909 3448 976 3522 quod
998 3451 1026 3505 iu
1048 3451 1135 3507 lerum.
1159 3457 1185 3508 et
1206 3449 1268 3510 Par.
1291 3457 1311 3508 t.
1334 3457 1386 3519 est,

313 3527 428 3598 πᾶσιν,
461 3531 508 3586 sed
537 3549 590 3587 ιιοιι
618 3524 729 3598 θεοῖς,
759 3547 836 3605 quarn
857 3551 948 3589 vocem
970 3536 994 3589 si
1014 3530 1163 3603 habuisset,
1192 3537 1220 3590 in
1241 3534 1311 3608 expl
1334 3552 1384 3590 suo

312 3612 396 3674 πᾶσι
418 3618 583 3684 annexisset,
605 3614 682 3688 idque
705 3615 791 3672 editor
810 3614 889 3688 Rern.
912 3621 1011 3684 sensit,
1032 3613 1116 3676 πᾶσι
1136 3577 1235 3685 θεοῖς
1255 3619 1385 3674 scribens.

314 3699 407 3776 Neque
430 3703 515 3796 magis
536 3698 695 3758 scholiastae
716 3701 822 3755 veubuur
845 3691 1074 3784 ἀποφαίνεται
1095 3702 1129 3760 ad
1149 3697 1247 3769 θεοῖς
1264 3699 1384 3776 quadrat.

313 3784 395 3840 lruruc
418 3776 553 3852 πάντες,
583 3786 610 3839 ui
631 3782 725 3850 fallor,
746 3781 776 3842 h.-
796 3784 816 3840 l.
838 3785 871 3841 ab
892 3788 1033 3858 interprete
1054 3785 1174 3844 homiues
1197 3785 1334 3853 dicuntur,
1358 3783 1386 3841 id

314 3865 384 3941 quod
405 3869 462 3924 eine
483 3867 561 3925 dubio
583 3873 625 3924 est
646 3867 879 3942 simplicissimum
923 3866 990 3930 Quis
1013 3872 1099 3940 euius,
1122 3874 1166 3946 qui
1186 3871 1279 3930 uerba:

467 3954 552 4044 α’νὴρ
574 3959 657 4035 θεὸς
678 3959 810 4026 πλάθει
831 3960 938 4028 πᾶσιν

313 4119 515 4132 ,..-----.--

366 4207 390 4277 ')
409 4208 448 4256 Sic
466 4212 539 4256 lietu.
558 4213 581 4258 in
598 4222 698 4269 retracti.
717 4233 758 4278 pro
776 4207 875 4284 ὄχθοις
898 4233 926 4264 ex
950 4218 1013 4269 Flor.
1033 4220 1056 4265 l.
1076 4212 1145 4284 ὑπὲρ
1162 4213 1256 4280 ὄχθας.
