3032 5168
364 526 410 594 82

366 700 429 757 lomi
450 697 528 774 lapsu
549 697 681 774 profectae
704 697 890 752 correctionem
913 693 997 748 tuisse
1019 698 1136 784 apparet.
1189 687 1282 764 teque
1312 689 1358 746 sel
1382 692 1439 746 sine

364 781 458 838 Herm.
479 779 662 838 emendatione
690 767 732 838 οὕ
758 770 824 856 γάρ
853 767 903 835 ἔτι
934 791 1048 856 aparte
1073 767 1234 850 ἐμαυτοῦ,
1267 793 1335 849 qaae
1374 793 1440 848 opus

366 883 419 922 uon
442 874 499 934 est,
521 864 682 932 scholiasta,
716 865 739 918 si
762 882 815 918 nou
836 879 943 925 veruto,
977 861 1034 914 veri
1056 867 1126 914 certe
1146 861 1290 933 vestigium
1310 862 1439 922 servavit,

364 952 415 1005 etsi
438 952 594 1006 sententiam
622 949 691 1003 falso
720 945 870 1020 explicans,
900 945 1046 998 rectissime
1080 943 1139 999 siue
1166 939 1245 1000 dnbio
1279 943 1314 1000 ab
1342 940 1440 998 Herm.

364 1033 532 1108 explicatam.

453 1139 545 1208 1099.
586 1127 661 1201 edte'
683 1158 720 1218 ys
741 1132 851 1220 παρόν
871 1133 1045 1221 φρονῆσαι

583 1219 657 1283 τοῦ
677 1215 829 1304 λῴονος
844 1218 1001 1301 δαίμονος
1017 1209 1111 1284 εἵλου
1123 1213 1163 1283 τὸ
1179 1213 1299 1282 κάκιον
1313 1213 1443 1280 ἑλεῖν.

366 1348 408 1406 lte
429 1347 499 1403 libri.
541 1343 573 1400 ln
594 1346 699 1400 entistr.
722 1343 831 1420 legitate

452 1431 515 1500 uel
535 1432 600 1520 γάρ
622 1435 699 1520 ἐμοὶ
723 1431 823 1500 τοῦτο
843 1434 951 1519 μέλει,
971 1432 1019 1518 μή
1043 1431 1203 1520 φιλότητ’
1224 1430 1354 1521 ἀπώσῃ.

330 1533 334 1544 ’
365 1557 455 1616 Schol.
485 1546 540 1619 dre
567 1575 603 1635 γε
631 1547 797 1634 παρόντος
818 1565 870 1615 σοι
892 1551 1107 1638 σωφρονῆσαι
1130 1553 1214 1632 (recte
1236 1555 1328 1614 Herm.
1354 1572 1445 1652 ‹ppo-

363 1639 481 1736 νῆσαι)
502 1636 542 1701 τὸ
569 1636 738 1710 λυσιτελὲς
767 1635 836 1700 ἀπὸ
865 1635 1018 1708 πλείονος
1046 1632 1220 1715 δαίμονος,
1251 1634 1291 1699 cd
1322 1652 1448 1697 κακιον

365 1719 477 1800 eiioe,
507 1719 546 1784 cri
572 1719 620 1804 pri
648 1719 777 1784 ἐλθεῖν.
826 1719 993 1791 Πλείονος
1020 1719 1056 1781 δὲ
1081 1717 1243 1801 δαίμονος
1267 1716 1356 1796 λέγει
1383 1715 1448 1780 τοῦ

365 1803 632 1889 λοσιτελεστέρου
667 1803 725 1867 καὶ
751 1799 935 1890 συμφόρου.
979 1807 1038 1867 Hoc
1064 1817 1209 1866 extremum
1231 1811 1274 1882 qui
1297 1810 1449 1881 excerpsit,

365 1893 468 1951 addidit
494 1891 554 1953 τοῦ
574 1886 810 1974 συμφέροντος.
852 1893 899 1972 lile
921 1895 1002 1970 igitur
1022 1895 1151 1970 interpres
1173 1901 1261 1966 aperte
1283 1880 1448 1954 πλείονος

365 1971 399 2034 e'tt
422 1967 580 2051 δαίμονος
600 1979 674 2050 legit,
696 1985 757 2048 post
779 1993 810 2028 ea
831 1979 910 2027 verba
930 1979 1127 2046 interpungere,
1149 1973 1292 2042 hahnitque
1313 1970 1452 2026 arranendi

364 2061 470 2114 verbum
498 2059 591 2132 glossa
620 2049 659 2110 τὸ
690 2048 737 2128 μή
767 2047 888 2109 ἐλθεῖν
914 2055 1080 2124 explicatum.
1130 2051 1199 2106 Nam
1233 2050 1453 2117 Gerulrardiuru,

366 2143 410 2210 qui
439 2153 498 2192 eunt
526 2130 647 2191 ἐλθεῖν
672 2135 772 2207 legisse
800 2140 873 2186 ratus
902 2141 958 2198 est,
988 2133 1030 2187 vel
1057 2135 1178 2206 apposita
1199 2135 1304 2206 negatio
1326 2131 1454 2188 refutat.

364 2218 419 2273 Sed
439 2218 544 2271 verbum
566 2219 652 2289 ipsum
673 2216 832 2286 investigare
854 2216 904 2269 etsi
927 2211 989 2269 mihi
1012 2232 1065 2270 non
1087 2217 1210 2290 contigit,
1237 2224 1324 2270 tamen
1344 2203 1451 2270 verritu

364 2318 395 2354 eo
422 2299 559 2353 lectionem
591 2289 718 2370 contineri
746 2299 878 2354 sententia
903 2304 1023 2372 apparet,
1053 2297 1214 2370 quaerella
1235 2305 1276 2354 est
1297 2300 1325 2352 in
1347 2295 1448 2364 codd„

364 2384 463 2458 optima
490 2383 516 2436 in
548 2377 681 2456 scholio„
710 2378 770 2436 Hoc
796 2382 888 2455 igitur,
908 2379 992 2456 Soph.
1021 2379 1123 2438 dixisse
1153 2377 1345 2438 existimandus
1380 2390 1445 2438 est:

253 2525 262 2536 ,
364 2483 460 2538 „quum
484 2466 531 2520 tibi
553 2467 710 2539 expetiere
732 2466 846 2530 nuorine,
867 2465 887 2522 i.
910 2482 933 2522 e.
957 2483 991 2518 ex
1011 2464 1081 2520 bona
1101 2461 1217 2534 fortuna,
1238 2464 1328 2520 liceret
1340 2464 1443 2520 bonum

366 2551 458 2624 cepere
481 2549 635 2615 consilium,
657 2541 804 2625 praetulisti
826 2547 916 2623 pejus,
938 2548 1099 2604 remanere.“

339 2663 344 2676 -
452 2630 614 2705 Quaroquam
642 2629 708 2686 alter
733 2625 819 2690 schol.
844 2621 965 2690 Asines
990 2619 1013 2701 ἦ
1034 2619 1113 2688 ἀντὶ
1138 2638 1284 2702 annotans,
1306 2621 1343 2687 ἐκ
1364 2638 1440 2688 certe

364 2733 418 2770 non
440 2715 553 2788 emplius
574 2715 649 2788 legit.

448 2810 512 2868 ltem
536 2813 581 2868 alii
603 2815 666 2872 fort.
689 2815 752 2870 olirn
772 2814 914 2880 invenient,
937 2810 1000 2886 quid
1020 2813 1049 2870 in
1062 2809 1172 2870 scholiis
1187 2813 1222 2870 ad
1236 2807 1328 2874 1132.
1343 2814 1438 2870 lateat.

365 2891 425 2955 Quo
449 2913 475 2950 v.
499 2913 575 2968 quum
599 2897 741 2953 secundum
763 2898 890 2972 plurimos
911 2895 996 2954 libres
1015 2893 1165 2956 Philocteta
1186 2917 1218 2955 sc

516 2986 577 3052 τὸν
597 2985 797 3074 Ἡράκλειον
817 2978 960 3054 ἆθλον

364 3096 493 3160 nominet,
521 3092 590 3168 quod
618 3102 645 3151 et
666 3098 754 3151 sensui
778 3104 803 3152 et
825 3102 908 3150 metro
930 3093 1100 3164 adversatur,
1120 3095 1263 3153 secundum
1285 3104 1349 3154 cett.
1371 3115 1434 3153 vero

363 3178 446 3232 libros
473 3166 624 3252 ἄθλιον,
660 3177 730 3252 quod
759 3199 811 3236 non
844 3182 930 3236 unimus
959 3179 1138 3236 emendatione
1166 3200 1243 3256 egere
1272 3199 1350 3256 quuru
1381 3181 1434 3246 elii,

365 3266 420 3314 tom
443 3257 535 3316 Herm.
559 3259 656 3328 docuit,
679 3261 790 3336 denique
811 3281 889 3358 qprum
912 3263 997 3323 subst.
1011 3261 1127 3337 'aliquod
1148 3262 1191 3319 hie
1212 3263 1382 3332 desideretur,
1397 3295 1431 3305 -

253 3397 259 3410 .
363 3342 391 3395 ln
407 3337 517 3395 scholiis
534 3351 691 3398 annotantur·
708 3343 788 3400 liaeo:
810 3359 844 3404 a.
867 3361 895 3401 τ.
916 3338 973 3418 ἐμέ
989 3337 1049 3403 ede
1061 3343 1120 3402 τοῦ
1126 3337 1332 3425 Ἡρακλέους
1346 3343 1368 3406 ὃ
1374 3338 1434 3404 td·

364 3417 498 3499 δοχον.
524 3410 549 3494 ἢ
576 3416 650 3498 ἐμὲ,
679 3418 740 3482 τόν
764 3419 818 3482 ἐπὶ
850 3420 897 3504 τῷ
923 3417 1085 3504 Ἠρακλεῖ
1110 3410 1224 3508 ἆθλον
1244 3415 1431 3502 morionem

363 3497 427 3576 τήν
454 3499 582 3580 scepeie,
612 3498 671 3562 καὶ
688 3498 888 3588 ’ὑφάψαντα
915 3498 1080 3579 adarim...
1110 3531 1160 3588 y.
1189 3507 1315 3571 emine.
1360 3515 1432 3570 llaec

342 3593 403 3644 'sic
423 3585 526 3662 quidem
549 3609 630 3645 sensu
651 3599 750 3668 carent.
795 3589 973 3652 Ontitteodum
994 3593 1098 3650 videtur
1118 3589 1249 3670 αθλον,
1277 3607 1306 3653 ut
1327 3617 1375 3672 per
1396 3618 1429 3652 er·

291 3711 297 3718 -
363 3692 448 3730 rotem
471 3689 485 3727 e
507 3674 545 3748 gl.
567 3682 618 3750 γρ.
640 3667 755 3731 ἆθλον
776 3677 916 3731 invectum.
958 3675 1032 3733 Voce
1054 3669 1214 3756 διάδοχον
1234 3689 1321 3738 autem
1360 3700 1428 3737 arum

363 3756 491 3814 credibile
516 3765 570 3825 est,
601 3757 670 3832 quod
699 3757 787 3816 llerm.
819 3759 881 3814 olim
910 3778 941 3815 ec
962 3755 1061 3820 Buttm.
1084 3771 1235 3830 senserunt,
1258 3757 1344 3822 sdv‘
1379 3759 1421 3842 ρά

363 3833 472 3898 elecem
502 3859 562 3898 esse
590 3842 757 3916 explicatum.
804 3839 873 3898 Nom
903 3841 953 3900 lroc
974 3848 997 3901 si
1019 3848 1147 3920 interpres
1170 3849 1307 3916 voluisset,
1331 3841 1428 3928 φίλον

363 3921 451 3991 potius
472 3927 529 3982 sive
551 3925 802 4002 ejusmodi-aliquid
823 3929 1014 4004 supplevisset,
1043 3933 1149 3986 minime
1178 3951 1240 3986 vero
1266 3947 1354 3988 rooern
1379 3945 1428 3986 taur

362 4005 499 4076 propriam.
521 4017 599 4082 atque
629 4009 788 4068 distinctam.
818 4010 920 4068 Temen
941 4011 1072 4087 ejusmodi
1094 4033 1148 4070 vox
1169 4013 1195 4069 h.
1220 4016 1238 4072 l.
1261 4017 1330 4071 foret
1350 4019 1426 4090 aptis·
1484 3997 1487 4094 l

363 4085 446 4150 *liner
469 4102 500 4144 ac
521 4089 645 4164 Sophocli
666 4094 829 4152 resumenda
848 4099 911 4162 erit,
935 4097 1092 4171 simulatque
1113 4102 1163 4154 erit
1184 4102 1298 4155 inventa.
1337 4099 1423 4154 Herm.
1486 4097 1487 4169 l

363 4172 390 4220 et
411 4164 470 4222 ert.
492 4170 520 4224 in
542 4173 583 4228 ed.
605 4179 666 4252 maj.
689 4178 825 4236 ediderunt
846 4167 1010 4256 ἄρθμιον,
1031 4180 1102 4254 quod
1123 4181 1239 4252 llesyclr.
1261 4173 1424 4263 perpolies
1485 4221 1486 4230 .

363 4249 484 4321 explicat.
532 4252 624 4310 Altera
659 4279 716 4316 cum
753 4267 838 4319 oomni
866 4261 960 4318 scholii
988 4268 1152 4321 enarratione
1181 4269 1319 4323 conveniat
1350 4271 1422 4323 etiem
1485 4255 1486 4324 l

361 4320 486 4390 didio.
530 4334 646 4406 Hesych.
669 4331 812 4420 α’λθεὺς,
832 4334 958 4422 ἰατρός.
1485 4327 1486 4399 l
