3032 5168
295 418 335 486 ld

295 617 319 656 r,
340 585 411 652 311.
435 589 526 650 eodem
555 592 616 665 olim
647 591 798 666 corripendio
826 567 1000 662 scribebatur3
1033 594 1174 653 simillimis
1195 593 1358 670 compendiis

294 690 338 758 opt
364 685 390 734 et
410 687 457 757 ιρα
482 677 544 732 illoc
567 676 665 732 forruae
685 679 712 730 in
734 673 787 732 La.
809 677 1002 752 significantur,
1027 697 1111 751 neque
1132 677 1214 735 ullum
1236 676 1359 736 tuendum

295 764 457 838 liuquentius
485 767 538 826 est,
566 777 639 833 quam
666 777 754 814 earum
783 765 948 834 perruutatio.
991 761 1036 818 Sic
1063 765 1089 819 in
1112 759 1197 818 schol.
1218 759 1262 836 Aj.
1285 753 1368 820 Stis

294 847 336 905 ed.
358 846 434 904 Rom.
457 839 563 904 ταῦτα
585 833 800 900 νοθιύισθαί
820 859 924 922 φησιν
945 847 1057 919 praebet,
1079 843 1131 904 La.
1154 863 1216 901 vero
1240 837 1358 924 φασιν,

295 943 319 988 et
349 935 377 986 in
401 933 460 1006 ipso
488 927 541 987 La.
564 918 663 1003 φησιν
688 945 744 982 curn
773 928 930 982 substantivi
964 931 1021 986 sire
1054 932 1215 1004 pronominis
1251 947 1359 986 numero

187 1007 190 1014 ”
298 1015 391 1089 plurali
413 1014 579 1090 conjungitur
605 1013 633 1064 in
655 1007 738 1064 sclrol.
763 1005 794 1068 0.
810 1007 869 1068 Col.
891 1003 941 1070 14.
965 1006 1035 1073 117.
1057 1005 1128 1071 237.
1152 1003 1243 1070 1044.
1268 1005 1359 1072 1590.

296 1099 366 1159 Phil.
387 1090 461 1158 425.
484 1097 528 1152 El.
551 1086 581 1152 6.
624 1091 654 1146 ln
676 1091 759 1152 sclrol.
782 1091 826 1148 El.
847 1085 920 1154 445.
941 1099 969 1152 in
991 1095 1043 1153 La.
1065 1097 1176 1173 legitor:
1198 1083 1270 1170 ibn,
1290 1109 1359 1176 φη·

296 1179 366 1254 uio,
392 1171 546 1248 ἀσθενής
566 1167 792 1252 γένοιτο....,
824 1175 872 1232 sed
895 1179 951 1254 jam
978 1179 1074 1236 Suidas
1103 1201 1126 1242 s.
1147 1201 1173 1242 v.
1194 1176 1359 1258 μασχαλι·

296 1261 440 1336 σθῆναι,
461 1263 619 1318 verbotenus
642 1265 722 1314 totam
745 1264 941 1318 annotationem
964 1262 1123 1332 (inscribens,
1145 1255 1252 1346 φασιν
1272 1263 1359 1320 habet.

296 1350 337 1404 lta
358 1347 393 1403 ad
414 1346 459 1422 Aj.
482 1337 718 1417 1135.·scr·ipturn
740 1348 796 1399 est:
822 1337 889 1424 μιᾷ
908 1338 1015 1428 ψήφῳ
1037 1343 1121 1424 φησὶ
1144 1341 1359 1428 κατακριθῆ-

297 1448 356 1492 ναι
377 1419 437 1488 τὸν
459 1419 598 1485 Αἴαντα
618 1419 682 1484 ὑπὸ
704 1418 895 1486 Μενελάου.
938 1430 992 1488 Sed
1012 1441 1081 1488 recte
1105 1434 1160 1509 jam
1182 1431 1267 1488 editor
1282 1431 1360 1492 liora,
1473 1423 1475 1430 “

299 1507 385 1594 φασι
407 1512 569 1578 emendavit,
592 1513 712 1584 quoniam
735 1530 787 1566 non
808 1530 876 1569 unus
898 1523 998 1570 tantum
1020 1515 1086 1572 illud
1108 1524 1267 1572 narraverat.
1295 1513 1358 1572 Cor·

300 1607 401 1672 ruptum
429 1595 514 1654 schol.
542 1593 575 1653 l).
598 1587 768 1655 0011593.
795 1581 836 1652 οὗ
865 1593 1009 1674 καρῆναι
1035 1595 1121 1678 φησὶ
1152 1591 1215 1670 τήν
1242 1591 1360 1676 Κόρην

299 1671 510 1759 ἁρπαγεῖσαν
524 1677 609 1736 editor
619 1677 711 1746 Rom,
732 1677 1049 1758 Brunclrins‚Eln1slejtrs
1065 1672 1257 1760 καταβῆναι
1273 1696 1359 1764 φασι

299 1765 481 1832 emendarunt3
503 1760 635 1820 emendari
656 1768 747 1836 posset
769 1747 850 1820 0ὗὸ
876 1759 1066 1845 Κνρηνιιῐός
1085 1783 1187 1848 φησι,
1208 1787 1259 1842 quo
1282 1765 1358 1822 modo

300 1847 476 1906 Callimachus
498 1847 531 1904 ad
555 1845 586 1906 0.
605 1844 664 1906 Col.
682 1837 754 1903 258.
776 1846 913 1916 laudatur,
935 1855 988 1908 nisi
1009 1851 1053 1908 liic
1074 1857 1152 1926 prora
1172 1843 1360 1926 fragunllll„

299 1933 369 2006 quod
390 1953 447 1990 eum
470 1933 564 2006 fragm.
586 1922 658 1988 186.
686 1933 823 2004 ingeniose
850 1929 972 1990 Naclrius
994 1938 1022 1992 in
1049 1953 1116 1991 mus.
1138 1933 1226 1990 Rhen.
1247 1934 1301 1989 vol.
1325 1931 1357 1990 V.

298 2037 323 2090 p.
345 2010 396 2074 66.
424 2016 574 2090 conjunxit,
600 2011 722 2068 Cererem
743 2021 810 2070 teste
837 2015 920 2073 Suida
940 2037 963 2076 s.
984 2037 1009 2074 v.
1028 2005 1227 2091 πορθμήϊον
1247 2013 1359 2068 dixisset
1394 2001 1399 2010 ¹

297 2099 456 2154 Hermionae
478 2097 611 2168 audivisse
636 2095 706 2152 filiae
732 2095 937 2158 descensionem.
982 2099 1049 2154 Tum
1079 2097 1112 2152 ad
1132 2094 1177 2172 Aj.
1199 2089 1273 2154 562.
1294 2095 1357 2169 legi·

298 2187 356 2238 tui:
379 2172 436 2251 doni
458 2173 511 2246 τί,
532 2193 591 2256 rot·
702 2176 978 2280 agarerenorum
1001 2173 1061 2250 τήν
1087 2171 1204 2238 ἑαυτοῦ
1226 2169 1358 2256 χνώμην

299 2255 432 2332 istinc,
448 2247 501 2320 ὅτι
513 2254 555 2334 dri
577 2253 696 2337 ἑαυτὸν
725 2256 840 2340 atotya-
862 2261 921 2322 τοῦ
941 2254 1034 2340 βίους
1056 2253 1179 2343 ῥητέον
1203 2257 1263 2322 οὐν
1275 2307 1283 2322 .
1296 2308 1304 2324 .
1318 2306 1326 2322 .
1338 2300 1359 2334 .,

299 2349 342 2404 ubi
365 2346 514 2404 Brunckius
536 2366 626 2404 rursus
654 2341 741 2418 φασί
769 2352 890 2424 scripsit,
917 2368 966 2425 ego
990 2341 1033 2420 δή
1056 2347 1193 2406 emendare
1215 2348 1359 2408 maluerim.

301 2431 422 2488 Ceterum
444 2451 498 2488 non
519 2433 565 2488 abs
587 2451 614 2488 re
637 2433 713 2490 fuerit
720 2476 729 2503 ,
751 2433 885 2492 Schaeferi
906 2436 1100 2490 annotationem
1125 2430 1362 2508 supralaudatum

301 2515 488 2591 descripsisse:
520 2505 767 2590 „idaei-tuimur
788 2561 796 2578 .
903 2506 1018 2596 φασιν.
1056 2517 1125 2592 Leg.
1147 2505 1261 2596 φησίν.
1303 2512 1363 2570 Hac

301 2602 501 2656 commutatione
528 2603 575 2656 vix
601 2601 653 2656 alia
682 2601 850 2673 frequentior.
903 2599 936 2659 V.
960 2600 1123 2674 bb'esseling.
1146 2597 1181 2654 ad
1201 2595 1283 2654 Diod.
1306 2596 1360 2654 ste.

299 2682 360 2741 Ecl.
375 2682 409 2745 lt.
430 2677 502 2746 522.
513 2675 565 2741 44.
580 2674 687 2740 ιι538.
700 2676 767 2746 91.;
790 2679 856 2736 Bast
872 2700 942 2754 spec.
963 2680 1004 2740 ed.
1018 2701 1079 2738 nov.
1094 2679 1226 2738 Aristaeo.
1248 2700 1275 2755 p.
1289 2671 1359 2745 46.;

300 2765 396 2827 Heind.
427 2766 461 2824 ad
488 2767 559 2824 Plat.
579 2765 662 2838 Gorg.
692 2783 718 2835 p.
739 2756 825 2826 262³
847 2761 973 2822 Boisson.
996 2761 1030 2817 ad
1051 2762 1178 2818 Philostr.
1201 2762 1266 2822 Her.
1287 2755 1364 2822 489.

214 2872 218 2878 ·
300 2845 371 2913 520.
392 2843 463 2911 548.
485 2841 556 2907 550.
579 2838 651 2903 588.
673 2839 745 2904 615.
767 2838 839 2904 651.
861 2843 969 2902 Wetstr.
991 2843 1108 2920 Longin.
1130 2866 1156 2921 p.
1178 2840 1267 2909 551.“
1289 2846 1361 2904 Ideni

301 2933 459 2993 Schaeforrts
484 2929 547 2988 ibid.
570 2928 615 2988 lV.
645 2919 716 2986 144.
744 2931 835 2983 iterum
858 2918 947 3008 φασί
968 2931 997 2984 in
1017 2919 1107 3008 φησι
1129 2939 1220 2988 mutat.
1275 2929 1362 2992 Quare

300 3021 428 3076 immerito
457 3014 490 3076 0.
507 3011 688 3080 ¹Schneiderus
714 3010 746 3066 dv.
773 3008 857 3073 Arist.
872 3009 963 3088 schol.
986 3014 1104 3071 fontibus
1126 3033 1152 3089 p.
1174 3006 1226 3072 bo.
1249 3012 1360 3080 dubitat,

230 3097 238 3104 ’
300 3105 328 3158 io
356 3101 440 3159 selrol.
465 3097 549 3158 Arist.
577 3097 649 3156 Plut.
680 3088 774 3156 1037·
801 3101 828 3152 ct
853 3114 895 3156 av.
926 3087 975 3156 17.
1002 3086 1108 3177 φασιν
1141 3101 1292 3165 restituere3
1322 3125 1361 3134 -

300 3175 466 3250 πολλάκις
489 3165 580 3240 εἶπεν
601 3181 711 3255 denique
740 3183 768 3237 in
796 3177 882 3240 schol,
906 3178 1017 3240 Thesm.
1038 3171 1111 3242 84⁰.
1133 3188 1280 3256 corruptum
1303 3198 1364 3236 esse
1390 3199 1398 3212 ·

243 3263 250 3272 ’
300 3269 369 3321 iuter
390 3282 480 3318 omnes
502 3267 630 3321 convenit.
1350 3315 1352 3322 ,

387 3342 548 3402 Servandum
576 3362 639 3399 vero
671 3350 713 3398 est
739 3341 823 3404 sclrol.
852 3343 951 3403 Trach.
979 3340 1057 3404 633:
1087 3339 1150 3420 τήν
1171 3337 1362 3416 ἀκτήν...

297 3419 495 3508 Ἀρτέμιδος,
518 3415 610 3483 ἔνθα
631 3419 736 3502 φησὶν
757 3407 842 3492 εἶναι
864 3423 928 3483 τῶν
947 3421 1111 3500 Ἑλλήνων
1131 3423 1177 3488 τοὶ
1196 3421 1363 3504 συνέδρια,

303 3519 320 3567 i.
345 3531 368 3572 e.
388 3509 550 3584 Sophocles,
573 3513 617 3585 qui
638 3511 674 3565 ibi
696 3508 774 3566 dicit:
798 3499 874 3568 ἕνθ’
894 3503 1057 3586 Ἑλλάνων
1077 3501 1363 3594 ιῖγοραὶΠολάτι·

304 3593 359 3666 der
384 3587 587 3671 nutrituram
613 3592 724 3650 Frustra
755 3596 834 3668 igitur
865 3593 960 3657 Elmsl.
993 3587 1100 3676 φασίν
1130 3601 1228 3674 posuit.
1270 3595 1365 3652 Restat

304 3679 402 3741 Tracb.
426 3673 523 3740 1191:
539 3668 645 3736 Otoo'
666 3659 724 3734 οὖν
745 3672 806 3736 τὸν
825 3669 929 3749 Οἴτης
951 3669 1052 3752 Ζηνός
1073 3669 1218 3760 ὕψιστον
1238 3669 1366 3752 πάγοις

304 3763 355 3820 Ubi
377 3773 531 3822 annotatur:
626 3757 703 3819 πᾶν.
716 3757 751 3822 δὲ
773 3751 850 3841 ὅρος
881 3759 977 3838 (Oeta)
1007 3756 1084 3838 ὅρος
1111 3759 1172 3821 τοῦ
1193 3755 1271 3830 Διὸς
1290 3754 1366 3820 ὀνο-

303 3837 466 3924 μάζεται,
493 3841 576 3922 ἐπεὶ,
605 3839 720 3930 φησὶν,
751 3836 880 3924 ὑψίστῳ
903 3837 973 3905 ὄντι
994 3841 1038 3922 τᾷ
1058 3841 1129 3922 θεῷ
1151 3839 1186 3934 ἓν
1205 3835 1288 3928 ὕψει
1309 3839 1368 3912 τάς

305 3918 429 3996 θυσίας
450 3925 635 3988 ποιεῖσθαι.
679 3928 753 3992 Quae
782 3938 902 4005 corrupta
923 3949 983 3986 esse
1003 3930 1046 3986 vel
1067 3930 1212 3986 infinitivus
1235 3926 1367 3984 ostendit:

306 4031 385 4087 qtrare
403 4014 459 4088 jani
480 4012 627 4070 Brunckius
648 4022 709 4089 post
729 4002 807 4081 ὕψει
827 4017 940 4086 inseruit
960 4005 1020 4068 ctat.
1064 4011 1117 4068 Sed
1139 4015 1206 4068 satis
1228 4017 1269 4065 est
1283 4013 1368 4066 ineisa

306 4105 365 4152 ante
387 4107 414 4151 et
434 4101 495 4170 post
516 4087 618 4168 φησιν
638 4102 725 4171 posita
757 4085 867 4165 tollere,
899 4102 929 4152 ut
961 4095 1072 4168 loquens
1093 4093 1192 4164 Hyllus
1225 4093 1367 4172 subjectum
1392 4149 1396 4154 .

191 4203 197 4208 ·
307 4183 357 4250 sit,
380 4181 423 4254 qui
444 4199 471 4234 v.
495 4169 585 4237 1192.
609 4179 684 4236 dicit:

432 4242 516 4330 Old',
537 4251 580 4329 ὡς
601 4251 713 4342 θυτήρ
735 4280 773 4339 γε
796 4253 910 4322 πολλοὶ
933 4251 975 4334 δή
999 4253 1143 4331 σταθεὶς
1164 4249 1243 4321 ἄνω.
