3016 5162
280 486 291 502 α
332 356 407 462 'me

425 559 496 662 9711
519 549 718 642 Οόᾱοῆνρπο
740 568 824 642 prima
844 555 958 642 personis
977 567 1113 644 praebent,
1131 549 1229 644 ἐοοῆ
1253 591 1288 631 ex
1309 572 1411 630 seboim

343 641 403 724 ἔοι,
431 667 471 726 η,
499 651 648 708 restitutioni
678 657 719 706 est
746 651 778 706 ab
805 649 902 708 Elmsi.
934 651 1021 710 Gaisf.
1047 651 1128 708 Dind.
1147 653 1260 716 Wuud,
1311 656 1407 713 Eadem

341 737 427 792 ferma
448 735 480 789 ab
501 732 595 791 iisdem
617 741 643 790 et
664 733 756 790 Herm.
786 741 813 790 et
838 731 926 792 Neuio
953 737 980 794 in
1002 733 1035 792 0.
1058 735 1117 792 col.
1140 731 1253 808 13611,
1275 742 1307 796 ab
1332 745 1406 797 omni·

341 821 391 876 im
413 818 467 874 fere
489 815 632 875 seeundum
661 817 712 874 duo
735 816 852 874 Homeri
875 817 977 876 sobolis
1005 823 1033 876 in
1055 819 1128 892 eeu„
1146 819 1210 892 Tyr.
1235 817 1345 892 1123„
1366 828 1407 880 ibi·

341 902 453 978 demque
476 893 567 960 1389.
600 901 742 960 secundum
774 899 850 957 codd.
879 901 957 977 Lips.
980 921 1005 959 a.
1028 903 1054 963 b.
1083 901 1173 961 Laud.
1202 906 1274 964 edita
1297 917 1350 965 est.
1374 940 1406 948 -

341 985 447 1043 Scilicet
468 985 715 1042 formam-veterum
736 981 882 1040 Atticorum
907 982 957 1060 (ei.
979 983 1075 1044 Matth.
1098 1005 1139 1066 gr.
1163 1008 1203 1068 gr.
1227 985 1254 1070 ᾗ.
1268 986 1343 1052 216.
1365 983 1407 1064 4.)

340 1071 454 1139 librarii,
477 1076 505 1125 ut
527 1070 574 1135 iit,
596 1068 699 1142 vulgari
722 1073 923 1128 commutarunt.

406 1179 497 1247 1075.
518 1175 710 1261 προμνᾶταὶ
733 1170 766 1240 τί
786 1199 845 1280 poe
870 1253 872 1260 y

519 1260 659 1343 γνώμα,
681 1253 751 1345 τάχ’
778 1255 828 1326 οἶν
849 1258 966 1327 δώσειν

519 1342 592 1409 τάν
613 1341 707 1410 δεινοὶ
728 1343 907 1424 viduae,
928 1342 1020 1412 δεινοὶ
1043 1342 1074 1414 δ’
1096 1347 1285 1436 εὑροῦσαν

520 1427 605 1512 πρὸς
626 1427 808 1514 οϋθαὶμων
829 1427 941 1508 πάθη.

338 1553 450 1610 Plurimi
471 1549 586 1610 editores
608 1571 643 1610 ex
664 1551 782 1611 soboiio:
806 1545 907 1632 diipo
926 1543 1116 1634 ἐνδώσει,
1138 1573 1185 1635 φ.,
1196 1549 1221 1618 ,ὁ
1233 1551 1354 1640 Κρέων
1374 1593 1408 1604 ·-

338 1635 466 1694 dederunt
487 1629 665 1704 ἐνδώσειν,
696 1635 768 1712 quod
796 1641 876 1694 etiam
897 1641 926 1694 in
947 1655 1030 1715 marg.
1051 1638 1135 1701 Turn.
1157 1641 1263 1717 legitur,
1286 1647 1330 1702 ubi
1355 1665 1409 1703 sae·

336 1724 445 1798 pissime
476 1720 635 1779 scholiorum
661 1719 745 1778 Lanr.
766 1727 856 1779 ramae
884 1721 1012 1778 ieotiones
1042 1730 1183 1781 annotatae
1216 1735 1287 1784 sunt.
1345 1729 1410 1785 Cum
1469 1767 1470 1780 .

338 1809 554 1882 interpretatione
576 1823 679 1883 quoque
700 1808 863 1883 grammatici
884 1804 976 1862 Herm.
999 1809 1146 1878 consentin
1175 1808 1225 1867 sed
1246 1829 1300 1868 nou
1322 1814 1412 1869 solum
1469 1823 1470 1874 ξ

339 1889 432 1948 durum
455 1898 497 1949 est
518 1890 657 1948 Creontem
680 1891 812 1966 supplere,
839 1893 864 1946 is
885 1896 915 1945 ut
936 1895 1083 1948 sententiae
1105 1893 1250 1967 subjeetum
1273 1899 1324 1962 sit,
1359 1900 1415 1952 etsi
1469 1885 1470 1930 ³

336 1974 369 2031 de
391 1993 422 2030 eo
444 1993 478 2031 ne
500 1993 586 2030 sermo
607 1972 711 2046 quidem
732 1977 761 2026 in
783 1974 955 2026 anterioribus
977 1973 1067 2036 fuerit,
1088 1973 1136 2028 sed
1158 1978 1236 2028 etiam
1259 1979 1297 2028 ita
1319 1981 1414 2034 subst.

335 2049 440 2126 πάθη
467 2058 581 2129 positum
610 2061 666 2119 est,
695 2059 725 2106 ut
752 2052 872 2106 consulto
899 2052 931 2106 ab
960 2049 1014 2124 adj.
1042 2046 1143 2114 (istud
1170 2063 1321 2127 separatum
1346 2077 1416 2114 esse

332 2137 462 2193 videamur.
506 2133 596 2196 Quare
617 2133 707 2188 multo
722 2132 944 2205 simplicissimum
965 2139 1015 2199 est,
1038 2137 1067 2187 ut
1089 2133 1227 2203 arbitror,'
1240 2127 1304 2191 τᾶν
1325 2133 1417 2194 τλᾶ-

332 2232 409 2283 σαν,
430 2221 448 2277 i.
465 2235 490 2274 e.
512 2213 681 2290 Antigonam,
702 2214 790 2270 faeere
811 2213 964 2287 subjeetum,
987 2221 1065 2290 atque
1086 2221 1205 2274 vertere:
1230 2216 1318 2274 divino
1341 2216 1413 2296 (vir-

334 2299 438 2376 ginem)
460 2301 552 2374 gravia
572 2315 725 2374 perpessam
746 2300 888 2374 graviaque
910 2315 926 2352 a
948 2298 1072 2372 fratribus
1095 2309 1229 2374 expertem
1251 2320 1314 2356 mox
1337 2307 1412 2364 maia

331 2383 492 2442 reddituram
515 2400 592 2450 esse,
618 2385 637 2438 i.
660 2399 683 2438 e.
713 2387 814 2456 raptum
841 2377 991 2456 Antigonae
1020 2383 1168 2456 raptoribus
1201 2385 1259 2440 fere
1294 2383 1406 2448 damno.

330 2467 400 2527 Nam
424 2470 609 2542 quiapropter
630 2461 788 2547 Antigonam
819 2465 851 2519 ab
872 2460 1081 2522 Atheniensibus
1103 2469 1302 2546 impugnantur,
1329 2477 1408 2545 quasi
1469 2499 1470 2541 p

198 2550 203 2559 ’
314 2555 415 2630 'ipsam
433 2570 479 2626 per
500 2549 660 2626 Antigonam
681 2567 767 2624 poena
788 2547 944 2610 afficiuntur.

415 2649 519 2708 Deinde
540 2655 606 2706 mira
626 2653 679 2705 ista
700 2647 881 2705 choreutarum
898 2648 966 2704 foret
987 2647 1230 2724 grandiloquentia:
1254 2647 1406 2746 προμνοῑ-

330 2728 390 2792 ταὶ
418 2728 451 2790 τὶ
480 2748 537 2805 μοι
562 2723 698 2809 γνώμα,
727 2740 770 2788 et:
800 2723 894 2790 τελεῖ
896 2770 909 2804 ,
930 2724 1023 2787 τελεῖ
1042 2722 1118 2800 Ζεύς
1138 2747 1174 2789 τι
1197 2723 1402 2816 safagente,

223 2836 242 2876 ’.
331 2821 356 2876 si
378 2816 442 2874 nihii
464 2815 538 2874 aliud
560 2815 654 2872 dicturi
675 2817 797 2882 fuissent,
820 2832 897 2890 quam
919 2812 1048 2877 redditum
1064 2818 1097 2871 iri
1111 2813 1281 2892 Antigonam.
1315 2805 1403 2896 Apim·
1426 2825 1428 2828 ’

260 2939 263 2948 ·
330 2905 399 2960 sima
426 2919 489 2958 vero
516 2900 564 2956 iiia
590 2906 647 2968 et,
683 2901 708 2954 si
738 2899 838 2974 majora
866 2896 1007 2954 choreutae
1037 2899 1107 2956 maia
1135 2905 1316 2978 praesagiunt.
1369 2903 1403 2960 Et

298 3021 301 3033 ·
329 3005 418 3044 nonne
439 3003 530 3042 revera
552 2982 619 3039 Creo
641 2981 739 3038 beiium
758 2980 896 3038 Thebanis
925 2988 1002 3056 atque
1030 2979 1238 3042 Atheniensibus
1266 2985 1326 3042 fore
1358 2991 1401 3042 mi·

330 3073 419 3131 nitens
441 3089 467 3126 v.
491 3059 574 3127 11136
595 3074 621 3122 et
641 3059 694 3125 37.
717 3065 896 3123 discesserat?

415 3170 452 3226 Et
473 3167 544 3245 quod
566 3166 599 3224 de
621 3168 681 3224 sola
701 3168 844 3241 loquuntur
870 3163 1020 3243 Antigona,
1050 3165 1117 3224 nihii
1137 3166 1188 3226 heo
1208 3172 1236 3226 in
1257 3187 1286 3226 re
1308 3174 1401 3230 minum

329 3271 389 3310 esse
411 3254 467 3327 jam
494 3251 587 3310 Herm.
611 3255 756 3312 annotavit.
799 3249 903 3318 „Hane
924 3254 1006 3320 enim,
1029 3253 1128 3326 iuquit,
1155 3257 1208 3326 ipsi
1230 3253 1315 3311 otulis
1341 3257 1396 3312 abs·
1468 3277 1469 3300 r

330 3335 400 3394 trahi
429 3333 564 3400 videraut,
586 3331 619 3388 de
642 3333 832 3388 alternantem
854 3333 1009 3390 audiverant
1029 3342 1130 3392 tantum
1150 3349 1176 3392 u.
1189 3328 1284 3394 818.“
1315 3335 1401 3400 Quare

330 3424 364 3478 iis
395 3415 570 3474 accedendum
601 3430 653 3470 nou
681 3422 736 3480 est,
766 3418 811 3487 qui
840 3417 972 3490 genitivos
1002 3425 1157 3491 receperunt
1184 3437 1218 3474 ex
1239 3418 1281 3478 his
1303 3425 1398 3478 veteris
1468 3419 1469 3424 ’

330 3502 544 3560 courimentatoris
570 3501 675 3555 verbis:
701 3489 848 3556 uideam
875 3492 912 3554 δὲ
941 3491 1000 3554 καὶ
1028 3491 1124 3582 ἑτέρα
1146 3483 1236 3566 εἶναι
1258 3491 1281 3574 ἦ
1302 3519 1400 3584 προς·

329 3577 438 3673 ῳδὶα,
460 3577 523 3643 τοῖν
545 3575 641 3644 δεινοὶ
664 3573 809 3644 rearis,
831 3572 932 3650 deinoi
947 3571 978 3639 δ’
999 3572 1171 3662 reprovabo.

392 3697 483 3765 1153.
505 3694 633 3780 πρᾶγος
662 3688 693 3755 δ’
720 3689 850 3768 obsidem
875 3687 984 3759 οὐδέν’
1014 3719 1037 3756 s.
1066 3696 1162 3763 οὐδὲν
1190 3694 1399 3785 ἀνθρώπων

324 3782 428 3882 χρεών
450 3793 477 3846 in
494 3789 574 3881 iibris
595 3785 708 3875 iegitur3
730 3780 779 3838 sed
793 3781 957 3882 exusoholion:
977 3773 1176 3884 Ἄνιῇρωποὲι
1197 3780 1233 3846 δέ
1254 3805 1292 3867 φ.
1315 3781 1396 3848 ὄντα

326 3867 423 3928 ovibu
444 3886 584 3950 πραγμοι
612 3857 767 3938 κακιζειν
789 3858 861 3942 dee,
886 3868 1003 3958 plerique
1030 3863 1127 3928 ovum
1148 3862 1343 3952 ανθρωπον
1363 3891 1397 3929 re·

329 3962 461 4027 ceperunt.
481 3993 487 3998 .
1060 3965 1064 3972 ·

392 4059 483 4128 1217.
504 4062 549 4126 τοὶ
570 4063 739 4167 pepereram
759 4057 790 4125 δ’
810 4059 870 4125 οὐκ
889 4051 936 4126 o'dr
957 4058 1053 4148 timo,

504 4141 609 4210 ὁποτ
654 4144 702 4210 οἷν
735 4167 784 4220 τις
805 4171 829 4209 s.
861 4140 1014 4212 ὁποτάο
1046 4168 1097 4224 τις
1123 4147 1156 4224 ἐς
1181 4148 1284 4218 πλέον
1311 4149 1394 4238 rrr'op

508 4225 570 4291 τοῦ
599 4227 822 4304 θέλοντος.
890 4259 894 4264 ’
