3016 5162
361 561 422 630 τὸν
446 554 608 646 ἀδελφόν.
658 563 712 624 Sed
736 569 838 645 pergit:
866 553 900 626 εἰ
924 559 963 628 δέ
989 583 1042 648 γρ.
1071 553 1317 648 ἤθαιετονσα,
1342 568 1375 640 οἷ.
1394 595 1421 639 τ.

359 643 488 714 λύουσα
517 643 578 710 τὸν
601 640 705 727 νόμον
733 640 757 724 ἢ
779 643 968 730 βεβαιοῦσα
994 644 1108 717 αὐτόν.
1122 655 1219 747 —Hoe
1240 649 1421 722 θάατοοσα

358 769 443 827 neque
464 769 522 808 cunr
543 755 758 828 interpretatione
786 757 909 810 convenit
937 760 965 810 et
985 754 1100 812 litteram
1121 751 1153 813 θ
1173 761 1201 814 tn
1223 777 1317 816 rasura
1337 760 1421 832 tato,

358 855 440 912 quare
461 855 477 892 a
499 834 628 905 Contere,
657 839 709 892 etsi
736 837 931 906 infelicissime,
958 840 986 894 in
1014 829 1185 899 τάττουσα
1213 849 1257 900 est
1281 851 1422 904 mutatam:

358 928 429 978 recte
450 939 467 976 a
487 919 621 980 Bruuclriu
643 924 671 976 in
691 903 714 990 ἢ
734 910 951 999 'maturanum
978 940 1053 996 quam
1075 923 1217 983 lectionem
1238 926 1300 984 Par.
1323 946 1350 985 a.
1374 951 1423 988 ser·

357 1009 448 1074 ravit,
469 1003 537 1062 idern
559 1002 689 1060 scholium
711 1004 848 1075 praebens.
884 1001 982 1076 ¹anue
997 1008 1058 1079 ipsa
1077 1007 1156 1066 lectio
1179 1027 1196 1064 a
1217 1011 1351 1085 plerisque
1374 1015 1421 1070 edi·
1481 1025 1482 1096 l

357 1092 461 1146 toribus
488 1105 588 1144 sumrno
614 1086 674 1159 jure
702 1081 828 1158 Sophocli
853 1089 1014 1156 restituitur,
1044 1087 1257 1169 scholiastacqua
1283 1098 1422 1174 explicatio
1481 1131 1482 1138 ι

357 1175 463 1250 egregie
484 1172 516 1225 ab
537 1167 570 1224 Δ.
592 1164 729 1224 Boeckhio
760 1174 802 1222 est
830 1168 992 1226 confirmata.
1481 1175 1482 1240 l

449 1243 502 1312 45.
524 1243 584 1308 τὸν
604 1235 688 1325 γοῦν
706 1241 788 1328 ε’μὸν
807 1243 865 1306 καὶ
886 1242 948 1310 τόν
968 1241 1046 1332 odo,
1067 1239 1112 1314 έν
1132 1249 1174 1318 οὐ
1193 1253 1243 1335 μή
1264 1253 1387 1347 θέλῃς,
1481 1249 1482 1260 ἶ

526 1323 718 1412 ἀδελφόν.
741 1323 784 1392 οὐ
805 1327 881 1414 γιὶρ
910 1327 957 1406 δὴ
981 1331 1178 1416 προδοῦσ’
1199 1334 1424 1426 ἁλώσομαι.
1481 1395 1482 1416 .

354 1417 445 1480 Schol.
467 1405 612 1492 Δίδυμος
634 1411 671 1474 δέ
693 1435 731 1497 φ.
752 1405 820 1476 ὑπὸ
842 1415 908 1480 τῶν
932 1412 1240 1500 ὖπομνηιιατιστῶν
1265 1423 1324 1489 τὸν
1351 1423 1424 1506 ἑξῆς
1481 1419 1482 1480 l

354 1499 474 1582 στίχον
495 1493 748 1572 νενοθεῦσθαι,
764 1507 783 1564 i.
806 1523 830 1560 e.
851 1524 878 1563 v.
898 1498 951 1568 411
994 1505 1068 1566 Haec
1079 1505 1180 1569 Wund.
1194 1513 1227 1570 de
1249 1523 1319 1572 auct.
1339 1517 1425 1577 schol.
1481 1519 1482 1552 ⁴

354 1607 380 1664 p.
403 1583 455 1644 2⁰.
483 1593 540 1642 tote
569 1589 657 1644 animo
684 1587 837 1662 amplexus,
858 1609 964 1648 versum
985 1592 1057 1648 illum
1081 1599 1200 1653 norninat
1220 1599 1424 1673 ineptissimum,

354 1691 463 1746 eumque
485 1669 623 1746 Sophoclis
645 1690 698 1728 non
727 1689 787 1729 esse
814 1672 1019 1732 evidentissimis
1045 1684 1207 1752 argumentis
1235 1700 1250 1736 a
1279 1702 1309 1738 se
1331 1688 1425 1758 proba·

354 1763 408 1814 tum
442 1775 502 1812 esse
529 1759 558 1814 in
590 1751 705 1813 editione
730 1759 777 1812 ait.
825 1754 927 1819 Quibus
956 1763 1037 1836 igitur
1058 1757 1158 1819 Wund.
1187 1771 1367 1842 persuaserit,
1390 1771 1425 1824 iis

353 1847 473 1899 nostrum
496 1838 580 1898 schol.
603 1837 709 1897 adhoc
731 1847 812 1916 capnt
830 1845 880 1898 erit
900 1842 1073 1900 referendum.

436 1917 488 1982 49.
504 1913 592 1980 Ἀλλ’
612 1915 710 1982 οὐδέν
729 1917 823 1998 αὐτῷ
841 1919 906 1980 τῶν
925 1917 1013 1997 έμῶν
1032 1919 1157 2002 εἴργειν
1175 1919 1274 2002 μέτα.

329 2007 419 2086 ⁸Post
445 1999 532 2080 έμῶν
559 2005 605 2060 Βτ.
632 2008 779 2060 sententiae
807 2021 888 2057 cansa
915 1995 953 2074 μ’
978 2005 1096 2072 addidit,
1123 2005 1203 2100 idque
1224 2017 1313 2080 aperte
1334 2013 1430 2071 schol.

264 2110 278 2130 ·-
349 2091 416 2164 legit
437 2093 583 2142 annotans:
605 2077 646 2140 od
665 2076 821 2156 μέτεστιν
834 2075 1061 2158 αὕτῷεῖργειν
1078 2101 1120 2160 με
1142 2078 1214 2144 aare*
1237 2083 1305 2147 τῶν
1322 2083 1430 2162 ἐμῶν,

349 2171 375 2228 A
397 2187 447 2242 qno
470 2183 613 2240 pronomen
633 2158 675 2241 με’
697 2163 774 2218 modo
797 2165 944 2238 explicandi
968 2184 1048 2222 causa
1069 2166 1199 2243 adjectum
1221 2189 1282 2228 esse
1302 2171 1428 2234 chius

349 2272 365 2308 e
386 2254 511 2323 sequente
532 2248 637 2322 glossa:
661 2233 684 2318 ἢ
706 2231 828 2314 odana·
850 2237 892 2305 dd
910 2241 1069 2323 μέτεστιν
1088 2241 1180 2330 αὐτῷ
1205 2246 1249 2310 τιν’
1270 2247 1426 2334 ἡμέτερα

348 2322 572 2414 βουλεύματα
601 2322 745 2409 εἴργειν,
779 2331 933 2388 concludere
954 2351 1007 2388 non
1030 2333 1148 2391 debebat.
1191 2334 1261 2392 Nam
1281 2345 1426 2415 utramque

227 2409 230 2414 ’
349 2421 467 2499 glossam
495 2433 549 2473 non
578 2415 663 2472 eidem
693 2413 784 2470 deberi
811 2419 981 2491 grammatico
1010 2423 1075 2472 nota
1100 2407 1124 2488 ἢ
1152 2408 1257 2488 οὕτως
1286 2423 1421 2491 ostendit3

349 2501 450 2562 deinde·
465 2519 498 2557 ne
520 2507 627 2576 apparet
648 2497 764 2573 quidem,
790 2501 819 2554 in
851 2499 959 2556 alterius
988 2500 1055 2556 libre
1083 2517 1228 2576 prenomen
1250 2521 1303 2560 nen
1324 2507 1421 2576 fuisse,

349 2589 472 2664 qnoniam
494 2588 650 2642 sententiam
673 2589 775 2638 tautum
796 2585 922 2656 respexit.
964 2581 1001 2640 Et
1028 2585 1172 2660 preberent
1200 2603 1343 2662 pronomen
1364 2591 1420 2664 ple-

302 2700 306 2706 ,
347 2677 440 2744 rique:
468 2688 520 2725 nou
546 2671 645 2742 recepit
675 2665 706 2723 0.
729 2665 776 2721 W.
799 2664 991 2734 schoerten,
1020 2671 1085 2723 mire
1106 2658 1165 2744 έμέ
1185 2689 1226 2726 eu¹
1245 2672 1420 2745 praecedente

349 2746 435 2828 ἐμῶν
456 2751 598 2826 supplens,
621 2757 647 2805 ct
668 2747 700 2805 0.
721 2744 853 2816 Wexius,
878 2749 1067 2806 molestissime
1087 2758 1114 2807 et
1134 2745 1199 2811 νῦν
1218 2745 1305 2829 inde
1326 2771 1342 2811 a
1365 2775 1419 2812 ma·

349 2836 452 2893 sculinn
479 2834 592 2902 ducens,
614 2840 640 2889 et
662 2831 696 2888 ad
721 2834 829 2888 verbum
858 2823 986 2909 εἴργειν
1006 2835 1130 2909 supplens
1152 2829 1211 2893 τοῦ
1233 2827 1361 2917 τάφους
1392 2849 1419 2896 et

348 2917 384 2976 A.
405 2916 556 2976 Bocckhius
584 2919 613 2972 in
641 2917 751 2972 alterius
780 2914 813 2971 de
838 2913 931 2992 Antig.
954 2915 1020 2974 diss.
1041 2935 1068 2993 p.
1089 2912 1158 2993 613
1186 2923 1244 2996 ipse
1264 2928 1353 2979 tanen
1374 2927 1418 2978 rir

349 3021 467 3062 summus
489 3000 619 3076 quomodo
641 3000 754 3074 explicet
768 3017 873 3056 versam
888 3019 941 3057 non
958 2999 1031 3058 dicit.
1073 2997 1166 3060 Possit
1178 3004 1280 3078 quidem
1293 2997 1418 3082 εἴργειν

348 3088 464 3144 fortasse
486 3079 605 3142 absolute
625 3088 741 3159 positum
762 3087 879 3142 censeri:
901 3084 949 3141 scd
971 3085 1028 3162 ejus
1048 3103 1115 3143 usus
1143 3089 1265 3164 exempla
1284 3087 1416 3147 desidero.

350 3168 425 3232 Quae
447 3169 530 3226 denen
550 3171 658 3224 inventa
679 3174 762 3236 erunt,
783 3187 928 3243 pronomen
948 3173 1126 3227 necessarium
1147 3170 1288 3230 videbitur.

435 3246 505 3310 106.
527 3251 558 3306 ln
585 3253 689 3325 glycon.
711 3258 854 3320 systemate
875 3251 941 3308 haec
961 3254 1101 3329 leguntur:
1199 3297 1202 3308 ,

553 3326 614 3400 τὸν
635 3324 818 3390 λεύκασπιν
830 3327 1035 3408 Ἀργόθεν

506 3479 507 3484 1
552 3409 650 3495 φῶτα
666 3405 782 3471 πάντα
800 3408 995 3496 πανσαγίᾳ.
1006 3457 1059 3478 ...

348 3503 485 3564 deficiente
509 3499 603 3556 ultima
630 3501 727 3574 prioris
755 3517 849 3554 versus
879 3501 987 3569 syllaba.
1036 3500 1123 3564 Quum
1148 3524 1211 3562 vero
1239 3513 1315 3564 vetem
1337 3511 1413 3566 inter-

347 3607 409 3667 pres
447 3576 507 3645 ede
550 3571 746 3662 Ἀργολικὸν
789 3572 937 3659 στρατόν
986 3594 1141 3657 annotaret,
1193 3586 1227 3646 Δ.
1262 3589 1413 3648 Bocclrhius

348 3671 596 3732 convenientissime
643 3656 791 3742 Ἀργέϊον
838 3669 964 3724 restituit.
1035 3667 1077 3726 Cf.
1112 3671 1177 3729 Eur.
1218 3673 1306 3749 Suppl.
1341 3666 1412 3734 474.

346 3748 517 3836 Ἀργεῒων,
577 3754 620 3808 cui
662 3753 722 3805 voci
769 3747 910 3824 respondet
959 3746 1269 3833 δαιδαλέαι·]σιν,
1315 3755 1412 3816 Amol.

349 3839 437 3912 Suppl.
466 3835 517 3898 62.
555 3827 696 3912 Τηρεΐας
729 3827 846 3906 (antisir.
880 3824 1111 3916 αὐτοφόνως),
1146 3839 1213 3900 Eur.
1241 3840 1315 3900 Meu
1340 3835 1411 3902 819.

277 3953 280 3960 ·
347 3911 554 3998 Ἐρεχθεΐδαι
575 3918 644 3996 (ent.
666 3911 725 3975 τοῦ
747 3908 962 3988 καλλινάοο1.
984 3922 1045 3978 alia.
1479 3949 1480 3970 ι

462 3999 531 4063 110.
554 3996 592 4063 dv
613 3993 664 4081 ἐφ’
686 3992 834 4080 ἁμετέρᾳ
855 3996 901 4079 γᾷ
923 3995 1142 4080 Πολυνείκης,

548 4077 675 4162 dedolo
696 4079 825 4146 νεικέων
845 4077 880 4157 ἐξ
901 4079 1113 4162 α’μφιλόγων,

547 4159 626 4236 ὀξέα
649 4161 782 4241 κλάζων
802 4160 912 4238 αἰετός
932 4165 979 4238 εἰς
999 4161 1064 4247 poio

563 4240 573 4262 f

548 4265 589 4318 ως
609 4241 784 4329 ὑπερέπτα.
