3032 5168
1168 433 1204 498 il

227 607 317 666 Schol.
346 593 485 681 Λέγοιμ
512 592 556 661 ἂν
584 583 631 660 οἶ
659 592 813 700 ἥκουσαιτ
838 591 893 664 ὅτι
917 596 1127 674 πολλάκις
1110 597 1208 682 εμπι-

145 705 277 785 crocco
290 679 381 761 λοξαὶ
403 682 568 768 χρησμοὶ,
594 679 752 770 ἓμφανιις
779 669 915 772 εἶπεν..
928 689 1047 748 ..Hoc
1072 694 1152 766 igitur
1174 689 1208 746 sd

143 769 295 854 ἐμφανῶς
314 776 476 866 pertinet.

228 851 392 920 1616151
419 833 463 911 Ω
493 843 573 921 Διὸς
599 845 740 924 ἆὸυιπές
723 845 853 934 ςφατι
881 855 976 920 lemnia
1002 864 1044 914 est
1070 876 1148 934 quum
1174 857 1209 914 nd

147 961 224 1028 alias,
240 966 296 1014 tum
315 958 349 1014 od
370 955 437 1012 hanc
458 959 671 1012 annotationem
662 945 795 1012 irenei
818 947 895 1012 δὲ’
876 976 895 1031 η
917 972 1001 1027 απο,
1022 942 1066 1013 ἰ”ν
1086 936 1120 1040 ᾖ,
1141 941 1217 1014 dud
1248 978 1255 989 ·

150 1037 208 1111 τῆς
230 1035 409 1106 Πυθῶνος.
452 1039 510 1094 iarn
527 1041 645 1112 sequitur
666 1037 759 1094 tecnon
781 1030 838 1104 Τίς
859 1054 944 1096 ποτε
973 1029 1033 1106 τοῖς
1054 1017 1211 1118 πὸλνχρύ-

150 1141 213 1184 σου
233 1111 451 1202 (Πυθῶνος),
472 1121 521 1178 sed
543 1122 576 1178 od
597 1121 649 1178 hoc
670 1120 773 1177 dennuni
795 1123 843 1178 iila
864 1123 958 1197 glossa
979 1127 1106 1197 pertinet,
1123 1143 1229 1198 eoque*

147 1213 230 1280 etiarn
248 1225 265 1262 a
284 1207 330 1264 Br.
352 1213 379 1263 et
399 1207 528 1282 Einrslejo
551 1206 678 1282 refertur,
701 1207 770 1297 qni
765 1205 845 1261 verba
867 1213 1050 1301 transponunt.
1286 1242 1289 1249 ,

231 1284 516 1350 mensionum:
542 1278 869 1378 Τόνχρυσομίτραν·
893 1280 1214 1365 τονθηβαιονΔιο

147 1389 268 1448 νυσον,
291 1364 351 1432 τὸν
372 1369 450 1442 ταῖς
466 1364 614 1466 Βάκχαις
635 1367 864 1432 συνοικοῦντα.
890 1370 1214 1472 Explicatigr'tnrrorba.
1272 1387 1275 1395 ¹

147 1449 243 1527 rcgo’
271 1450 439 1536 ἐπώνυμον
460 1452 585 1534 γᾶς...
579 1447 820 1553 ..Βάκχονω
833 1447 1093 1555 Μαινάδων(
1074 1448 1216 1554 ομὸστο·

149 1538 282 1601 λον.-
304 1543 349 1600 Sic
370 1541 469 1600 Trach.
490 1519 611 1602 998³
586 1555 611 1596 οι
632 1535 714 1618 Ζεῦ,
743 1526 822 1598 οἵαν
849 1534 884 1618 μ’
906 1531 958 1617 ἄρ
980 1531 1071 1600 ἔθου
1098 1533 1215 1618 λώβαν

148 1628 296 1702 explicatur
322 1629 370 1684 sub
398 1628 518 1683 lemmate
549 1613 639 1684 Οἱοιυ
665 1615 750 1682 α’νθ
778 1640 858 1684 οιτον
884 1616 1070 1702 θυμάτων,
1097 1625 1130 1684 0.
1155 1625 1213 1682 Coi.

145 1703 223 1771 429.
255 1701 328 1769 ovd
351 1700 482 1789 ἤμυναν
506 1711 556 1766 sub
583 1710 704 1767 lemmate
732 1728 766 1766 ex
794 1729 821 1767 υ.
848 1702 920 1768 439.
950 1716 1066 1783 surnptn:
1088 1700 1217 1766 Αὖτοῖν
1270 1753 1277 1767 .

149 1789 355 1888 ἐπέμφθηνς
383 1791 473 1869 Antig.
499 1787 572 1852 751
601 1784 673 1850 ὄλει
697 1807 774 1851 τινα
810 1795 858 1849 sub
884 1793 1007 1848 lemmate
1031 1785 1077 1850 Ἡ
1103 1787 1133 1852 δ’
1158 1787 1218 1850 οὐν

151 1872 336 1950 θανεῖται,
363 1875 475 1948 denique
502 1863 812 1935 960189934πό
841 1865 1068 1948 ὑποδημάτων
1094 1880 1217 1951 interpre-

153 1962 221 2014 tatio
252 1966 294 2015 est
316 1966 441 2046 excerpta
467 1975 501 2014 ex
528 1955 705 2033 Praxiphanis
734 1961 920 2026 annotatione,
949 1961 985 2014 ibi
1012 1961 1108 2027 allata,
1138 1969 1164 2016 et
1185 1959 1219 2016 nd

153 2031 223 2100 dno
245 2031 389 2122 ῥυτῆρος
410 2045 535 2118 pertinet,
558 2061 636 2116 qurum
658 2042 753 2098 lemma
774 2045 810 2098 sit
831 2031 981 2100 ἄνιπτον.

238 2125 309 2182 Tum
331 2129 485 2200 saepissime
506 2126 602 2182 lemma
623 2130 649 2181 et
670 2125 804 2214 glossema
827 2127 940 2184 lectione
961 2125 1078 2196 distant,
1097 2127 1197 2183 veint'
1190 2149 1217 2184 m

149 2207 265 2268 'scholiis
286 2209 330 2270 ΕΙ.
345 2202 429 2270 1437
443 2229 530 2285 seqq„
553 2207 585 2266 dc
609 2211 702 2284 quibus
655 2205 784 2266 vb'ide
805 2213 888 2286 partis
910 2213 1070 2306 posterioris
1087 2229 1142 2286 cop.
1159 2211 1218 2273 Vn

149 2292 177 2369 5
195 2289 251 2362 2.
272 2297 372 2371 primus
393 2293 477 2354 schol.
500 2282 625 2366 νηπὶως
645 2286 826 2390 ἐννέπειν,
833 2295 900 2351 atter
921 2283 966 2362 οἷς
986 2284 1113 2364 νηπίοις
1133 2287 1220 2354 ἐννέ-

151 2392 274 2436 πιιν.
287 2393 363 2453 συ
351 2395 402 2457 ιφ
442 2395 493 2445 οι,
532 2382 624 2434 tertius
655 2367 826 2456 παυραγ’
852 2367 895 2446 ὥς
926 2373 1037 2460 νηπίῳ
1069 2373 1220 2438 ἐννέπειν
1307 2379 1309 2388 ’

150 2455 238 2542 πρὸς
260 2451 370 2541 αυδρα
393 2364 493 2518 tdude
511 2453 675 2558 συμφέροι
694 2465 891 2556 interpretatur,
912 2465 995 2555 primo
1018 2468 1105 2518 antem
1126 2465 1221 2519 lemma

149 2547 324 2621 praeponitur
352 2535 400 2602 Δι’
422 2534 505 2612 ὠτὸς
532 2535 574 2601 ἂν
602 2557 713 2638 παυρα
743 2560 779 2620 γε
787 2583 798 2616 ,
826 2545 902 2598 citeri
921 2535 977 2610 Ὡς
1004 2535 1107 2614 ἠπίως
1135 2539 1222 2603 ιννὲ-

149 2641 252 2696 πειν,
279 2630 357 2684 tertio
364 2618 474 2709 Πρὸς
496 2617 604 2707 ἄνδρα
632 2617 730 2685 τόνδε
754 2619 940 2706 συμφέροι,
960 2621 1092 2702 deinceps
1122 2628 1222 2686 duobus·

150 2713 294 2780 versibus,
322 2717 386 2770 nt*
370 2733 406 2769 ιιι
436 2711 512 2768 codd.
541 2717 662 2778 exstant,
691 2709 840 2786 descriptis.
890 2709 967 2766 ita
959 2729 987 2767 ιιι
1007 2707 1098 2788 Antig.
1123 2733 1150 2771 r
1174 2705 1222 2775 l8

150 2799 304 2873 explicetur
324 2787 410 2876 ᾔόη,
432 2815 508 2871 quum
530 2797 626 2853 lemma
647 2799 676 2852 ut
699 2793 803 2852 codices
825 2785 919 2868 ἤδειν
940 2798 1130 2870 praebeabf
1094 2795 1136 2853 Cf.
1130 2817 1175 2874 ..p
1187 2797 1222 2857 li.

149 2900 211 2958 rap.
240 2875 268 2940 ..Ι
309 2879 408 2937 Eodem
432 2880 607 2956 discrepantia
629 2887 686 2948 est,
715 2887 745 2936 nt
767 2879 881 2936 desolo
901 2877 1035 2956 Antigona
1057 2882 1165 2955 loquar,
1196 2885 1223 2938 in

150 2957 276 3024 rv.89.
301 2957 372 3024 154
394 2955 467 3025 244.
488 2901 562 3026 329
584 2955 656 3024 924.
678 2923 751 3022 579.
773 2957 845 3024 587.
866 2956 939 3023 859.
960 2899 1035 3024 964.
1057 2957 1129 3024 897.
1151 2959 1224 3026 959

149 3048 291 3108 Interdum
320 3048 464 3125 Elrnsiojus
492 3051 588 3106 lemnio
617 3047 715 3106 codicis
738 3049 912 3123 explicationi
928 3045 1076 3123 adaptavit,
1105 3047 1154 3104 sed
1174 3047 1230 3104 hoc'
1328 3119 1332 3127 .

150 3143 200 3191 aut
222 3135 321 3206 ubique
343 3141 388 3188 aut
409 3150 540 3206 nunquam
562 3133 648 3188 facere
670 3131 789 3190 debebat.

244 3214 320 3276 Quae
342 3233 420 3288 quum
442 3219 508 3270 sotis
531 3229 658 3288 superque
681 3213 869 3279 demonstrent,
892 3229 908 3267 α
921 3207 1081 3270 scholiastis
1103 3213 1236 3279 lemmate

151 3299 280 3374 proiecta
299 3315 353 3351 non
375 3315 452 3363 esse,
485 3315 503 3350 ιι
527 3295 625 3351 codicis
647 3293 729 3354 [ποι.
751 3295 857 3351 ΙίΙιιιιίο
887 3315 920 3352 ea
941 3300 1061 3374 apposita
1082 3318 1142 3358 esse
1165 3320 1223 3388 con·

152 3401 240 3441 sensu
264 3395 352 3438 eormn
373 3387 401 3437 et
422 3377 521 3438 codicis
543 3397 624 3455 paene
646 3385 769 3456 perpetuo
792 3377 923 3442 docemur.
