3016 5162
215 665 225 676 κ

136 679 235 766 9⁰4.)
267 683 367 749 Nutrix
387 683 531 762 DeJ'snisae
552 693 661 742 monem
682 689 861 746 narransait:

236 797 263 882 β

235 813 622 984 ,llttfttaqff’toa
639 869 677 943 s
698 869 850 963 aaa„
869 871 948 944 aa

236 960 414 1046 ψαύσειεν,
437 982 497 1039 αις,
511 957 628 1048 ἐχρῆτο
650 957 788 1029 δειλαία
806 959 928 1061 quotque

65 1088 152 1146 Haec
181 1087 268 1144 verba
293 1084 446 1143 Wunderus
473 1105 503 1144 se
527 1103 640 1162 unquam
665 1087 772 1162 integra
799 1061 962 1142 creditumnl
980 1103 1041 1144 esse
1063 1083 1148 1164 negat,

65 1189 240 1249 quamquam
264 1169 400 1246 praevidet
423 1171 493 1237 fore,
525 1173 589 1244 „qui
616 1188 695 1245 quum
721 1166 788 1225 nihil
819 1185 886 1238 non,
920 1169 991 1246 quod
1015 1174 1044 1227 in
1073 1171 1149 1230 codd.

65 1259 208 1330 seripttun
242 1256 416 1330 reppererint,
450 1251 615 1312 defendenda
644 1258 749 1329 putent,
782 1261 852 1310 recte
882 1252 953 1310 diota
982 1257 1151 1330 opinentur.“
1271 1253 1274 1266 '

67 1339 151 1404 Quae
174 1333 311 1396 Wundcri
340 1337 472 1394 cavillatio
500 1355 551 1394 nos
572 1357 626 1394 non
647 1337 786 1414 impediet,
818 1341 958 1412 quominus
977 1343 1149 1413 praestantis·
1178 1397 1185 1404 ,

66 1427 171 1484 simum
202 1425 311 1498 pab‘tam
332 1440 349 1477 a
369 1419 492 1478 delicatis
513 1425 590 1497 quasi
610 1421 719 1478 naribus
741 1439 846 1490 eorum,
880 1424 925 1497 qui
944 1423 1040 1498 ubique
1061 1442 1149 1480 corru-

66 1509 183 1584 ptiones
218 1504 374 1572 odorentur,
406 1523 453 1580 pro
484 1504 556 1561 virili
587 1511 662 1580 parte
691 1503 873 1566 defendamus.
915 1503 968 1564 llic
989 1493 1095 1586 quidem
1116 1519 1154 1565 eo·

3 1643 4 1656 ,
68 1609 156 1648 onere
175 1590 239 1667 jam
259 1586 346 1645 schol.
367 1605 417 1645 nos
438 1589 551 1658 levavit3
578 1589 635 1664 jam
656 1589 702 1645 ille
723 1591 793 1644 enim
813 1587 966 1660 Wundern,
993 1580 1148 1660 clamitanti,

67 1677 186 1730 minimo
216 1672 331 1749 intelligi
352 1691 461 1757 possea
481 1691 527 1728 cur
546 1671 677 1747 chanira
698 1673 887 1740 lacrimaverit,
915 1677 1019 1748 quoties
1041 1675 1147 1750 aliquod

2 1762 4 1790 ³
66 1760 316 1815 instrumentorum
337 1762 416 1811 antea
434 1763 621 1830 usurpatorum
642 1757 773 1830 attigerit,
799 1755 954 1830 respondete
986 1751 1058 1816 Kal
1078 1759 1149 1828 (scr.

69 1831 143 1915 nei)
175 1825 309 1912 ἥπτετό
346 1853 437 1905 τινος
472 1829 659 1914 ἐργαλείου,
695 1827 741 1896 νίν
774 1827 903 1898 εἴωθεν
923 1831 1153 1920 Χμεταχαρίζε·

70 1917 191 1996 σθαι,
315 1909 475 1998 ὠδύρετο,
499 1913 542 1988 ὡς
571 1914 692 1980 λοιπόν
718 1911 1022 1996 mesammones
1052 1913 1152 1984 αύταί.

68 2005 145 2063 Eam
173 2012 267 2062 tarmen
292 2009 355 2060 tunc
381 2005 434 2079 jam
463 2003 496 2060 ds
524 2003 635 2062 sulcidio
662 2009 796 2082 cogitasse
816 2003 918 2062 Wuod.
939 2011 1035 2082 negat:
1064 2025 1148 2082 neque

69 2092 147 2146 enim
176 2107 212 2146 eo
243 2086 363 2162 querelas
391 2095 527 2162 spectasse
556 2107 635 2162 quum
664 2090 725 2146 aliis
751 2089 840 2145 verbis
868 2107 1008 2165 apparere,
1036 2096 1093 2147 tum
1119 2109 1147 2148 r.

69 2164 140 2232 9⁰4
163 2165 332 2254 βρυχᾶτο.
348 2209 380 2228 ..
410 2159 464 2230 ὅτι
490 2163 613 2247 γένοιτ’
641 2161 756 2251 ἐρήμην
802 2167 841 2228 lt
867 2175 992 2248 quoniam
1015 2171 1159 2232 Hercules

2 2276 7 2287 ·
67 2255 127 2332 jam
149 2275 201 2332 pro
226 2261 329 2312 mortuo
349 2252 486 2312 habendus
508 2261 579 2322 erat,
609 2273 675 2313 sano
695 2261 800 2332 poterat
821 2272 851 2312 se
871 2255 979 2314 viduam
999 2261 1148 2334 maritoque

71 2341 199 2398 orbatam
224 2337 329 2402 dinero:
347 2337 493 2413 deploravit
513 2346 601 2396 autem
622 2339 700 2409 mala,
722 2341 816 2415 quibus
838 2338 873 2397 ad
893 2339 1034 2398 suicidium
1054 2343 1146 2418 impel-

69 2423 190 2480 lebatur.
236 2419 332 2495 Neque
352 2419 523 2477 dubitandum
544 2429 601 2491 est,
630 2427 693 2496 quin
714 2442 844 2499 generosa
864 2424 959 2482 mulier
979 2423 1033 2481 lnoc
1051 2429 1147 2482 mortis

70 2508 127 2563 sibi
147 2503 308 2563 inferendae
329 2505 468 2560 consilium
489 2509 580 2560 statim
601 2509 694 2561 nuntio
715 2506 827 2560 terribili
847 2513 1058 2579 acceptn,qu1un
1078 2494 1148 2582 σῖγ’

70 2581 207 2671 ἀφέρτιι
241 2579 280 2664 (ί.
312 2577 406 2660 813),
441 2589 551 2663 ceperit,
584 2587 659 2644 velut
684 2585 823 2653 Euuidico,
859 2587 951 2645 audita
977 2587 1025 2642 filii
1053 2595 1147 2655 morte,

69 2675 155 2748 paulo
177 2677 321 2749 postquam
343 2673 425 2728 tacito
445 2673 512 2728 abiit
531 2668 581 2748 (cf.
601 2667 696 2748 Anug.
717 2687 744 2728 v.
767 2659 879 2746 1243),
900 2687 931 2726 se
951 2667 1084 2728 interficit.
1106 2699 1145 2711 -
1190 2698 1197 2724 τ

71 2754 174 2816 Grauia
185 2758 281 2834 ‘igitur
299 2756 365 2812 bene
386 2773 416 2814 se
436 2752 544 2812 babent.

133 2869 237 2954 Nequq
256 2874 342 2949 magis
363 2861 509 2933 turbdndus
529 2879 571 2930 est
591 2891 619 2936 v.
640 2863 718 2932 llll:

201 3043 205 3048 .
265 2979 523 3068 ἀνακαλουμένη
546 3027 584 3048 ..
610 2979 676 3088 τοία
697 2976 884 3060 ἄπαιδας
909 2979 942 3057 ἐς
967 2975 1008 3046 τί
1028 2979 1147 3046 λοιιιύν

634 3087 765 3147 mosoc,
784 3139 789 3147 ,
988 3097 990 3102 ·

72 3190 119 3248 ubi
141 3186 249 3248 schol:
270 3177 345 3245 ἐπεὶ
365 3179 486 3266 μηκέτι
507 3178 649 3264 ἔμελλεν
669 3173 1012 3252 recitandarum...
1033 3169 1147 3251 οὐσίας
1197 3231 1207 3258 ,

71 3265 109 3330 δὲ
140 3263 356 3337 κοίτας,
384 3267 486 3324 Herm,
506 3276 595 3324 tamen
617 3256 774 3334 δίααιδας
796 3265 921 3342 conjecit,
948 3263 1047 3323 Wund.
1068 3265 1146 3342 plura

69 3358 158 3412 etiarn
180 3349 310 3409 mutanda
330 3353 448 3418 censuit,
476 3351 557 3406 talem
578 3351 633 3406 fere
654 3353 812 3406 sententiam
834 3347 1004 3406 desiderans:
1029 3349 1143 3420 „libero-

71 3457 133 3494 rum
161 3439 191 3493 in
221 3440 355 3511 posterum
381 3440 457 3510 patre
482 3435 632 3491 orbatomm
653 3440 757 3490 sortem*
772 3436 945 3497 miserrimam
953 3435 980 3504 ;“
1000 3433 1145 3513 Staegerus

73 3517 190 3595 denique
212 3521 241 3575 in
261 3523 384 3574 versione
404 3516 539 3576 Germana
558 3512 636 3595 (Hal
658 3508 758 3590 1841)
777 3520 875 3575 vertit:
896 3517 959 3576 Und
979 3515 1071 3596 lrlagte

72 3621 119 3660 run
147 3603 193 3661 ihr
219 3598 430 3678 Missgesolriclr,
462 3599 525 3660 Und
550 3601 614 3660 dass
640 3603 670 3658 in
690 3600 813 3659 Zuluunlt
830 3599 1030 3658 kinderlosihr
1049 3600 1144 3659 Leben

75 3689 124 3743 sei.
167 3685 283 3745 Poterat
308 3689 348 3744 ita
373 3687 554 3761 interpretari,
584 3687 610 3742 si
633 3673 658 3758 ἡ
687 3672 787 3744 οὐσία
811 3683 968 3760 simpliciter
993 3676 1032 3741 τό
1055 3665 1143 3775 εἶναι

74 3770 255 3845 significaret,
282 3775 310 3826 et
336 3787 461 3828 numerus
486 3769 600 3846 pluralis·
619 3771 659 3826 ita
679 3771 849 3826 inveniretur.
878 3765 946 3822 -sm
962 3760 1014 3822 'ab
1028 3779 1143 3822 ουσιαι

76 3853 149 3910 solae
172 3871 238 3930 opes
259 3869 320 3910 esse
339 3859 462 3928 possunt.
492 3851 623 3929 Deplorat
637 3860 725 3910 autern
744 3853 840 3910 infelix
860 3850 963 3918 mulier,
984 3845 1056 3923 quod
1077 3865 1142 3924 opes

75 3951 140 3993 suae
156 3939 243 4014 justis
263 3935 437 4007 haeredibus,
459 3940 504 4012 qui
523 3945 588 3994 sunt
606 3937 701 4004 liberi,
723 3943 840 3994 careant.
873 3932 962 3990 Filius
983 3934 1054 3986 enim
1075 3929 1144 4012 Ηγί·ἱ
1190 3955 1193 3964 ’

73 4015 117 4073 lus
145 4028 231 4094 matre
256 4020 335 4078 modo
363 4040 393 4078 se
413 4021 583 4080 abdicaverat
603 4014 644 4094 (v.
665 4012 740 4092 7365
759 4017 804 4075 Gi.
825 4036 852 4073 r.
873 4007 947 4077 8⁰8„
967 4007 1055 4090 817).
1097 4014 1141 4072 De

75 4106 171 4158 ceteris
192 4109 280 4159 autem
299 4104 404 4173 liberis,
426 4108 471 4179 qui
488 4109 544 4160 ‘nnn
564 4103 675 4159 aderant
695 4101 739 4171 (v.
754 4093 867 4174 115³),
888 4117 950 4173 prae
971 4097 1062 4156 dolone
1086 4115 1141 4158 non

317 4259 324 4278 Ι

246 4281 345 4339 οιπην
365 4275 516 4328 nourinans.

74 4187 162 4259 magis
191 4189 330 4324 capitanii,
358 4206 435 4261 quam
461 4182 617 4246 moribunda
638 4181 788 4268 Antigona,
818 4201 849 4240 se
869 4173 932 4255 τήν
950 4175 1141 4262 βασιληίδα

74 4256 203 4338 μούνην
