2998 5166
261 451 266 466 ,
344 387 387 452 oo

344 569 372 618 et
393 544 568 636 φθίνοντα
589 556 653 632 legit
675 563 701 612 et
722 543 867 634 φθίνων.
918 545 969 610 Ta*
984 594 988 604 .
1003 590 1011 605 ·
1025 593 1057 625 .,
1079 557 1136 609 sive
1157 551 1209 610 boe
1229 555 1354 628 scriptmu
1377 559 1412 610 in·

345 646 418 700 veuit
439 644 495 697 sive
518 641 637 717 conjecit.
680 639 717 696 Et
738 637 789 694 hoo
810 640 867 714 jam
890 657 905 694 a
926 635 1008 692 llind.
1026 645 1073 706 ‚est
1098 637 1318 694 animadversum.
1361 638 1413 694 Sed

345 728 382 802 gt.
406 717 438 783 oi.
462 739 491 784 τ.
521 712 671 798 παλαιά,
694 711 961 799 παρεληλυθότα
992 719 1148 793 quibusdam
1177 720 1211 777 ad
1236 710 1412 816 φαίνοντα

344 813 475 884 pertinere
500 811 560 863 visa
589 815 640 864 est.
683 805 762 880 Atqui
789 805 840 861 hoc
865 803 910 860 ille
940 821 1023 877 neque
1048 821 1095 877 per
1120 797 1252 883 παλαια
1278 797 1412 860 commode

346 895 513 966 interpretari
540 897 658 966 poterat,
686 907 770 962 neque
799 888 888 946 eadem
915 907 979 944 soce
1005 891 1193 962 interpretatus
1224 893 1312 954 esset,
1347 905 1412 960 quae
1480 907 1481 912 ¹

344 976 425 1033 simul
448 994 506 1030 cum
527 963 703 1052 φθίνοντα
725 993 741 1028 a
763 970 843 1045 Soph.
865 975 953 1046 posita
975 977 1054 1026 esset.
1097 970 1189 1044 ltaque
1210 970 1244 1027 ad
1266 971 1345 1026 aliam
1367 989 1411 1026 vo·
1480 987 1481 1016 1

345 1057 408 1115 ceru'
423 1055 561 1114 referenda
582 1063 631 1111 est.
676 1053 751 1118 (tuae
773 1053 878 1110 ridetur
904 1045 1016 1111 πάλαι
1039 1053 1136 1121 fuisse,
1165 1055 1326 1128 glossemate
1348 1067 1412 1109 πα-

345 1133 429 1199 λαιά
451 1141 515 1198 olim
535 1140 677 1214 explicata,
707 1146 801 1214 postea
829 1139 946 1214 expulsa.
990 1137 1054 1194 inde
1076 1137 1153 1194 sedes
1175 1138 1325 1205 mutabilis,
1352 1136 1414 1193 inde

237 1230 247 1254 ¹
346 1225 473 1282 librorum
496 1221 679 1297 discrepantia.

430 1320 484 1378 Sed
510 1319 573 1395 quid
594 1321 693 1379 multat
722 1319 812 1397 Ipsum
837 1323 931 1378 vocab.
948 1309 1058 1378 'nolim
1079 1323 1106 1377 in
1134 1319 1192 1378 rod.
1214 1319 1358 1378 Trinitatis
1383 1321 1413 1376 ah

344 1405 440 1462 Elmsl.
467 1402 653 1480 Cantabrigiae
682 1406 778 1478 collato
791 1409 794 1416 '
808 1403 912 1482 legitur.
964 1403 1023 1466 (luo
1053 1409 1174 1461 restituto
1208 1423 1284 1478 quum
1313 1408 1342 1459 in
1365 1413 1413 1459 str.
1480 1411 1481 1480 p

340 1489 447 1566 jambus
469 1487 607 1556 redundet,
635 1492 728 1544 iterum
755 1488 857 1546 scholia
885 1491 962 1544 nobis
990 1489 1164 1544 subveniunt:
1199 1477 1254 1556 Τις
1276 1477 1327 1544 ἔτι
1349 1481 1414 1544 τῶν
1480 1487 1481 1514 l

344 1562 471 1629 dilutos
500 1560 681 1650 ἀφέξεται,
710 1567 756 1652 τῷ
783 1563 885 1649 θυμῷ
908 1562 1011 1630 αὑτοῦ
1035 1567 1100 1644 (ser.
1123 1563 1239 1645 critob)
1266 1562 1329 1637 τοὶς
1352 1564 1415 1640 τῆς

344 1648 452 1734 ψυχῆς
482 1652 603 1722 κακίας
632 1647 844 1729 deodoricum,
869 1645 891 1726 ’l
921 1641 1026 1712 οὕτω·
1061 1645 1112 1723 τίς
1138 1639 1182 1710 ἂν
1218 1642 1415 1710 cinei-olorem
1480 1693 1481 1730 ,

344 1726 448 1794 αὐτοῦ
472 1735 539 1809 (ser.
562 1730 680 1813 αὐτοῦ)
702 1732 765 1811 τήν
786 1731 962 1816 τιμωρίαν,
985 1733 1123 1795 τοιαῦτα
1145 1728 1312 1818 πράττων.
1340 1735 1415 1791 Haec

243 1829 247 1836 '
344 1820 446 1877 duobus
474 1821 564 1879 deberi
589 1825 752 1891 auctoribus,
778 1832 808 1880 ut
833 1821 865 1878 de
893 1822 999 1878 diversa
1027 1825 1166 1879 verborum
1192 1817 1301 1900 ψυχῆς
1326 1812 1414 1895 βέλη

344 1905 520 1979 explicatione
555 1912 668 1973 taceam,
698 1909 741 1960 vel
776 1893 800 1976 ἢ
835 1892 941 1970 οὕτως
970 1905 1096 1960 ostendit.
1144 1904 1261 1965 Quonim
1289 1907 1415 1977 priorem,

344 2005 423 2058 quum
445 1976 641 2042 ἄπελαὺνων
662 1985 768 2051 diceret,
790 1977 925 2058 ἀμύνων
945 1986 1044 2056 legisse
1065 1985 1230 2040 Dindorlium
1253 2003 1306 2037 uon
1328 1985 1416 2058 fugit:

342 2067 433 2122 habuit
459 2072 546 2121 autem
573 2054 727 2141 ἕρξεται,
753 2064 823 2138 quod
852 2083 868 2118 a
893 2065 1028 2120 nonnullis
1055 2065 1200 2122 editoribus
1230 2066 1346 2140 ejicitur,
1371 2093 1415 2104 -

267 2175 271 2180 ·
342 2154 454 2202 annotat
476 2149 544 2200 euim
567 2134 739 2224 ἀφέξεται.
752 2175 792 2188 --
835 2143 875 2200 Ab
897 2145 980 2202 altero
1002 2144 1097 2202 deinde
1117 2151 1259 2223 interprete
1281 2134 1418 2222 ἕρξεται

341 2218 478 2302 α”μύνων
505 2225 598 2282 eodem
624 2228 704 2282 verbo
737 2217 944 2286 ricciarium
968 2231 1125 2305 explicatur,
1161 2237 1187 2285 et
1209 2225 1319 2308 ψυχᾶς
1347 2219 1418 2285 voce

339 2299 465 2382 αὑτοῦ,
494 2308 564 2384 quod
591 2309 623 2366 ab
650 2301 847 2370 elucidares
876 2312 981 2388 pendet.
1023 2312 1095 2368 lluic
1122 2314 1225 2369 scilicet
1246 2312 1346 2369 homini
1370 2305 1416 2368 τ’τὶ

341 2385 427 2470 βέλη
450 2394 503 2452 tela
524 2401 599 2450 erant
620 2397 767 2469 ppnieutia,
794 2395 873 2472 idque
895 2399 980 2470 ipsum
1003 2415 1020 2451 a
1040 2395 1190 2471 glossatore
1213 2394 1312 2452 codicis
1333 2393 1414 2469 Lips.
1480 2389 1481 2398 ²

342 2479 490 2534 accuratius
518 2478 611 2553 glossa
639 2468 704 2548 velat
736 2468 841 2538 θείαν
869 2469 969 2552 δίκην
991 2479 1168 2556 significatur:
1190 2497 1273 2553 neque
1295 2482 1415 2550 sequitur
1480 2489 1481 2544 ξ

342 2569 371 2617 ut
392 2559 421 2616 hi
445 2555 536 2619 θεῶν
556 2554 640 2637 βέλη
664 2561 791 2637 legerint,
814 2562 883 2636 quod
905 2567 937 2619 ab
952 2567 986 2619 iis
1001 2571 1144 2638 spectatum
1157 2579 1216 2618 esse
1235 2571 1307 2617 ratus
1322 2561 1413 2617 Herm.

343 2649 449 2717 recepit.
493 2643 547 2700 Sed
573 2663 664 2699 vocem
687 2641 788 2722 θυμῷ
811 2650 939 2718 interpres
966 2657 1056 2700 noster
1083 2663 1165 2717 neque
1191 2648 1414 2713 connumeravit,
1480 2641 1481 2688 ῗ

342 2744 426 2797 neque
446 2724 573 2783 habuisse
595 2733 697 2800 potest,
718 2737 749 2782 ut
780 2729 970 2782 alienissimam
998 2745 1015 2780 a
1044 2745 1093 2782 sua
1115 2727 1307 2800 explicatione,
1329 2745 1414 2800 eaque

342 2808 385 2864 rel
413 2815 520 2880 propter
545 2825 715 2874 synonymum
743 2811 827 2864 subst.
857 2803 965 2883 ψυχᾶς
992 2812 1111 2880 proxime
1145 2827 1257 2883 sequeus
1284 2811 1414 2886 ejicienda
1480 2847 1481 2864 2

343 2896 408 2964 erat,
451 2885 522 2944 Nam
545 2881 646 2967 θυμῷ
665 2887 734 2948 nihil
754 2894 808 2948 uisi
828 2893 939 2965 genitivi
961 2883 1097 2966 θνμαῦ,
1117 2911 1192 2966 quem
1213 2893 1289 2950 Flor.
1312 2899 1348 2950 Δ.
1372 2889 1411 2950 Θ.
1480 2903 1481 2976 p

344 2982 371 3032 et
400 2991 434 3028 ex
465 2990 532 3026 corr.
558 2968 647 3042 Mosq.
671 2991 695 3026 a.
729 2991 760 3029 ac
787 2971 865 3048 Lips.
888 2992 911 3030 a.
941 2977 1079 3047 praebent,
1116 2980 1264 3048 surreptio,
1296 2970 1415 3050 θυμοῦ

343 3065 431 3120 autem
451 3058 526 3112 vocis
546 3047 656 3149 ψυχᾶς
671 3054 768 3130 ¹glossa
787 3055 892 3112 videtur
912 3057 1005 3112 fuisse.
1048 3057 1089 3114 lta
1103 3050 1219 3136 θυμός
1231 3059 1265 3116 ad
1281 3057 1325 3134 Aj.
1339 3053 1413 3118 716.
1480 3051 1481 3112 l

344 3141 489 3212 explicatur
517 3147 629 3214 ψυχα,
658 3145 685 3194 et
719 3137 754 3204 ael
779 3140 860 3196 rerba
890 3139 935 3197 El.
957 3133 1034 3204 331.
1065 3133 1169 3220 θυμῷ
1196 3133 1331 3224 ματαίῳ
1360 3157 1413 3222 γρ,

342 3211 434 3302 ψυχῇ
453 3210 586 3294 ματαίᾳ
607 3226 757 3290 annotatur,
780 3241 857 3298 quam
879 3232 906 3292 et
924 3228 1010 3299 ipsam
1031 3227 1148 3300 glossam
1164 3228 1248 3284 fuisse
1266 3230 1293 3280 in
1308 3246 1364 3300 cap.
1382 3219 1412 3282 4.
1480 3235 1481 3252 ’

309 3363 313 3369 ,
344 3301 371 3379 g
393 3297 424 3360 4.
445 3300 602 3357 ridebimus.
647 3300 810 3378 Quamquam
833 3300 954 3382 θυμῷ,
975 3315 1005 3362 ut
1026 3311 1108 3380 priori
1128 3307 1304 3373 scholiastae,
1331 3313 1412 3372 etiam
1445 3307 1454 3316 '
1480 3327 1481 3378 ᾗ

344 3382 442 3442 Suidae
471 3390 527 3438 erat
556 3401 578 3439 s.
605 3401 632 3440 r.
659 3377 795 3463 κέρδος,
822 3392 874 3448 etsi
897 3392 986 3462 ,ipsum
1008 3391 1179 3462 posteriorem
1201 3387 1284 3444 schol.
1307 3391 1343 3442 ibi
1368 3413 1413 3446 ex·
1480 3413 1481 3430 ν

344 3469 459 3542 scripsit.
501 3461 594 3538 Neque
615 3475 702 3546 taruco
723 3467 774 3525 hoc
802 3475 939 3546 quisquam
961 3471 1110 3536 mirabitur,
1138 3473 1182 3542 qui
1202 3467 1374 3526 scholiastam
1397 3493 1415 3528 a
1480 3487 1481 3528 Q

344 3549 427 3606 Suida
455 3567 488 3608 ne
516 3551 687 3610 intellectum,
706 3552 820 3624 quidem.
839 3572 897 3610 esse
927 3551 1153 3611 aniruadrerlerit:
1191 3571 1249 3608 nam
1278 3571 1356 3626 quum
1386 3561 1413 3612 iu
1480 3563 1481 3622 ζ

344 3635 537 3692 commentariis
558 3637 657 3691 uostris
679 3629 784 3696 αὐτοῦ
798 3656 844 3712 pro
862 3625 962 3694 αὑτοῦ
973 3638 1125 3704 inveniret,
1146 3655 1280 3710 perperam
1304 3624 1412 3715 rupole-

345 3733 409 3776 των
429 3723 457 3776 in
477 3706 686 3794 πράττοντος
707 3722 827 3777 mutavit.
869 3719 905 3776 ut
918 3781 920 3784 ,
934 3719 1026 3777 habuit
1051 3727 1186 3796 praeterea
1207 3723 1323 3794 ineptum
1344 3737 1410 3802 μα·
1480 3721 1481 3764 3

325 3792 447 3866 ,salom
469 3792 507 3860 δέ
528 3819 575 3876 pro
597 3793 773 3888 ματάζων,
794 3803 865 3877 quod
885 3805 945 3860 libri
967 3823 998 3860 ac
1019 3802 1122 3860 scholia
1143 3806 1276 3878 praebent.
1294 3877 1297 3882 ι

428 3899 518 3974 ltaque
531 3898 605 3971 herc
624 3901 747 3962 videntur
768 3901 907 3978 Sophoclis
927 3905 1012 3960 fuisse
1031 3905 1126 3960 rerba:

502 3992 560 4065 tir
582 3991 634 4057 ἔτι
653 3989 731 4059 πότ’
751 3994 786 4059 ἐν
809 3992 911 4070 τοῖςὸ’
932 3994 1018 4082 α’νὴρ
1039 3995 1124 4080 βέλη

496 4071 626 4157 ἴρξτται
652 4079 763 4164 ψυχᾶς
784 4078 955 4163 α’μύνωνς

346 4189 364 4239 i.
388 4200 411 4238 e.
434 4185 492 4256 quis
535 4187 586 4238 nisi
614 4189 683 4242 omni
711 4189 839 4261 pravitate
866 4188 1036 4255 abstinuerit,
1064 4188 1117 4243 tela
1147 4197 1239 4242 arcens
1267 4187 1409 4260 prohibebit
