3016 5162
1065 372 1295 476 sprec,

134 539 302 608 πειστέον
324 543 449 614 dicerent,
472 547 552 606 activi
573 547 679 604 omnino
701 545 797 605 oblitos
818 548 909 616 inisse,
930 550 993 624 quia
1014 535 1215 606 πείθεσθαι

141 635 243 690 activo
266 628 427 705 obsequendi
450 647 532 686 seusu
552 647 680 704 usurpare
702 635 909 690 consuevissent.
949 631 1005 690 Sed
1024 631 1053 692 id
1072 635 1160 708 ipsum
1180 627 1216 686 sd

136 704 299 794 ἆρκτὲον
320 730 423 788 quoque
444 710 563 790 quadret,
585 711 713 786 siquidem
735 705 768 770 oi
788 703 964 790 ἀρχόμενοι
983 733 1063 790 seepe
1082 715 1167 786 (velut
1187 717 1216 769 in

137 799 219 856 Eur.
241 796 316 854 Med.
340 789 416 870 120)
440 812 496 864 eos,
517 800 562 869 qui
582 798 691 872 imperio
713 804 831 872 pareant,
853 795 895 851 die
916 795 1110 866 Untertbanen‚
1132 790 1214 872 signi·

137 882 244 950 licant,
278 889 304 936 et
330 871 501 957 ἄρχεσθαι
507 919 520 952 ,
540 887 570 936 ut
592 878 751 937 Scbaeferus
774 881 805 937 ab
827 882 940 954 interpp.
962 878 1084 939 laudatus
1106 883 1214 948 monuit,

101 971 110 982 ⁸
137 982 338 1037 nonnunquam
361 965 514 1038 simpliciter
535 970 576 1020 est
597 967 617 1019 i.
640 982 666 1037 q.
687 960 826 1038 perere*).
855 963 924 1019 Tum
947 963 1109 1019 simillimum
1131 981 1215 1017 exem-

139 1049 227 1126 plum
248 1045 365 1104 Ellendt.
394 1065 417 1102 s.
440 1037 581 1124 οἷρκτὲος
600 1066 635 1104 ex
655 1046 782 1104 Dinarchi
804 1065 843 1103 or.
866 1065 890 1102 c.
912 1045 991 1102 Deru.
1014 1065 1039 1120 p.
1064 1035 1134 1104 176.
1156 1037 1218 1104 108

142 1129 244 1190 Beni.
267 1130 307 1204 (p.
332 1123 393 1188 103
413 1130 458 1189 fin.
474 1127 578 1207 Stepb.)
600 1131 703 1187 attulit:
728 1122 769 1190 οὐ
790 1122 1031 1202 καταληπτέον
1050 1118 1169 1202 e’csc',i
1194 1145 1219 1184 e.

20 1263 25 1288 ,
62 1282 68 1299 Ι
137 1233 178 1272 ne
215 1215 409 1288 perterreruini‚
437 1211 624 1274 Athenienses.
665 1213 702 1270 Et
727 1215 804 1290 plane
824 1218 866 1272 sic
886 1211 999 1270 Rotnani
1021 1231 1125 1287 quoque
1146 1210 1218 1268 dixe·

136 1304 224 1354 runt:
255 1297 288 1352 ci.
312 1295 368 1352 Cic.
395 1295 431 1351 ad
450 1297 514 1353 fem.
541 1290 571 1356 9.
592 1289 651 1357 25:
684 1317 772 1366 „nunc
792 1297 857 1354 edes
878 1296 914 1354 ed
933 1296 1114 1374 imperandum
1134 1298 1170 1366 ti.
1192 1313 1218 1350 e.

137 1389 173 1438 ut
200 1382 252 1436 tibi
272 1379 429 1456 irnperetur)
441 1381 494 1448 'rel
515 1379 548 1438 sd
569 1380 711 1456 petendum
732 1386 835 1456 potius:
858 1384 898 1437 sic
919 1384 986 1438 enim
1009 1382 1107 1454 antiqui
1128 1379 1218 1452 loque·

52 1523 54 1530 ,
141 1464 276 1521 bantur.“
320 1461 374 1520 Sed
398 1463 441 1519 vel
466 1463 540 1540 Virg.
563 1466 614 1521 Ge.
636 1463 671 1522 ll.
693 1459 758 1524 250
779 1467 831 1522 aits
851 1463 974 1522 lentescit
993 1463 1128 1531 babendo,
1149 1465 1170 1519 i.
1193 1481 1217 1518 e.

19 1607 23 1626 ,
137 1547 213 1604 dum
241 1543 359 1603 habetur.
402 1530 455 1603 111.
479 1540 550 1606 159.
580 1567 646 1622 quos
677 1543 805 1620 (vitulos)
834 1548 926 1605 malint
957 1551 1033 1626 gregi
1063 1549 1218 1604 submittere

137 1627 272 1688 habendo
303 1627 404 1705 (Heyn.
431 1633 469 1685 its
495 1637 525 1686 ut
544 1629 714 1706 habeantur).
756 1628 819 1689 Alia
840 1651 914 1689 exem
932 1632 960 1688 le
981 1651 1015 1688 ex
1036 1637 1102 1707 optt.
1122 1647 1219 1706 pmcne

140 1715 283 1773 orationis
309 1715 482 1788 scriptoribus
511 1713 617 1789 Zumpt.
644 1717 672 1770 iu
693 1733 803 1790 gramm.
825 1709 853 1792 ξ.
874 1653 938 1773 (ibb
960 1723 987 1771 et
1007 1711 1167 1771 Ramsborn.
1189 1716 1218 1770 in

139 1815 261 1874 gramm.
291 1790 319 1872 ᾗ.
349 1789 420 1854 169.
450 1804 505 1854 not.
534 1795 594 1866 (bic
622 1797 726 1871 quidem
756 1799 851 1864 multa,
883 1815 948 1872 quae
969 1799 1055 1854 aliena
1075 1801 1153 1863 sunt,
1174 1793 1220 1851 sd·

138 1878 282 1950 miscens)
312 1878 464 1935 attulerunt.
506 1877 597 1954 ltaque
619 1873 765 1958 ἀρκτέον
785 1873 818 1958 γ’
839 1868 929 1959 ὅμως
949 1877 1054 1938 videtur
1074 1882 1093 1936 i.
1115 1897 1141 1954 q.
1163 1884 1219 1950 „ta-

140 1981 211 2019 men
233 1960 406 2019 obediendum
423 1963 503 2032 est‚“
524 1963 688 2039 significare,
709 1965 753 2021 vel
774 1967 939 2022 accuratius:
961 1971 1048 2020 temen
1069 1953 1119 2020 tibi
1139 1965 1219 2040 irnpe-

62 2094 66 2112 ,
125 2048 203 2106 ¹reri
226 2049 302 2116 sines
328 2051 446 2122 oportet,
469 2043 588 2104 denucch
610 2066 683 2104 rnuss
705 2067 767 2105 mau
788 2047 846 2105 sich
866 2045 1044 2106 beberrscben
1064 2045 1165 2104 lassen'.

140 2155 145 2162 ·
216 2125 292 2192 Quae
320 2132 345 2186 si
373 2136 444 2186 recte
474 2129 619 2206 disputavi,
648 2129 795 2189 Hermanui
821 2133 971 2210 conjecture
992 2121 1132 2210 ἅρκτὲος
1153 2146 1220 2204 opus
1327 2187 1330 2199 ,

18 2245 22 2282 i,
141 2231 204 2271 non
230 2220 287 2270 est:
319 2215 399 2270 immo
425 2212 492 2270 haec
512 2215 597 2270 iorrnn
618 2213 653 2271 ad
675 2214 803 2292 Oedipum
824 2220 929 2292 potius,
951 2217 996 2293 qui
1016 2214 1090 2272 serbi
1111 2201 1220 2284 ξυνίης

141 2297 298 2372 subjectum
320 2303 377 2362 est,
399 2295 532 2370 quemad
554 2297 694 2354 Creontem
714 2303 867 2374 pertineret.
899 2299 1004 2364 Quodsi
1025 2289 1089 2374 quid
1109 2300 1218 2355 omnino

18 2415 20 2447 .
136 2377 302 2437 mutandum
325 2382 379 2445 est,
402 2397 555 2452 quamquam
576 2399 630 2436 non
652 2380 745 2450 crede,
768 2407 808 2424 -·
829 2387 948 2458 praestat
969 2392 1048 2451 certe,
1070 2400 1129 2438 cum
1141 2377 1216 2438 Mus·

19 2497 20 2502 κ
138 2466 243 2540 gravio
266 2453 431 2540 ἄρχοντας
451 2462 576 2518 scribere.
689 2493 691 2498 ·

212 2552 288 2620 808.
331 2557 410 2616 Hunc
437 2577 464 2616 s.
486 2557 589 2621 Wund.
611 2561 690 2636 ejecit
710 2568 740 2618 ut
761 2563 793 2619 ab
815 2563 959 2638 interprete
980 2559 1126 2637 adjectum,
1154 2559 1220 2616 bene

143 2649 242 2702 temen
264 2643 382 2701 defendit
404 2641 573 2700 Thudieburn
594 2647 623 2702 in
644 2645 741 2704 Zimm.
763 2665 824 2704 ann.
845 2645 910 2722 pbil.
933 2638 1026 2709 1842.
1047 2636 1122 2706 717.
1164 2641 1219 2700 Ha·

142 2731 208 2788 buit
230 2727 316 2788 schel.
339 2716 501 2806 ἅρματος
523 2735 653 2786 annotans
675 2727 710 2786 ed
731 2719 821 2808 ὄχον.

213 2820 288 2888 813.
332 2827 400 2886 Oed.
552 2817 709 2889 eliisei
731 2819 813 2902 ξένω

325 2903 434 2994 τούτῳ
456 2899 617 2990 προςήκει
639 2889 751 2974 Adeon
772 2890 805 2972 ci
826 2909 989 2994 συγγενὲς,

324 2986 393 3062 τίς
415 2991 535 3056 τοῦδέ
554 2987 587 3088 γ’
608 2985 765 3076 α’νδρός
786 2991 898 3057 ἐστιν
918 2987 1191 3070 ἀθλιώτερος

326 3076 376 3145 τίς
395 3070 634 3155 ἐχθροόιιιμων
654 3073 785 3154 μᾶλλον
804 3067 850 3136 cte
871 3070 991 3153 γένοιτ’
1011 3070 1114 3156 α’νήρς

92 3203 94 3212 ¹
141 3175 240 3235 Sobel.
264 3172 299 3232 sd
320 3167 417 3231 τοῦδέ
438 3163 504 3250 γ’ἀ.
539 3177 567 3229 in
593 3191 620 3230 v.
640 3167 714 3232 sie.
736 3181 861 3233 annotat:
891 3163 925 3235 ci.
947 3191 975 3237 s.
998 3168 1087 3254 ἐμοῦ.
1128 3173 1221 3250 ltaque

140 3259 242 3316 hebuit
266 3273 373 3312 versum
400 3256 489 3322 iilum,
520 3273 596 3329 quem
622 3255 704 3314 Dind.
732 3263 758 3316 et
785 3257 886 3316 Wund.
914 3265 1021 3336 propter
1045 3259 1218 3338 tautologiam

143 3343 269 3415 ejiciunt.
312 3336 349 3395 At
376 3345 478 3396 tantum
506 3340 583 3398 abest
607 3348 638 3398 ut
668 3341 798 3417 ejusmodi
827 3347 917 3419 copia,
947 3363 1024 3420 quem
1048 3345 1092 3404 vel
1118 3347 1219 3402 oratori

141 3425 327 3484 necessariam
361 3441 422 3480 esse
453 3421 546 3482 Cicero
579 3431 606 3481 et
635 3421 815 3488 Quintilianus
836 3429 908 3504 plus
936 3429 1019 3488 semel
1046 3434 1217 3496 monuenrut,

142 3514 255 3585 poetam
277 3505 418 3575 dedeceat,
440 3513 470 3564 ut
490 3508 558 3566 male
580 3507 661 3585 Sopb.
684 3514 851 3588 scripsisset,
872 3516 898 3568 si
918 3516 1026 3590 inipso
1049 3515 1145 3570 summi
1167 3518 1218 3567 ter·

144 3597 217 3652 roris
239 3593 495 3668 perturbationisque
516 3601 647 3651 momento
669 3596 757 3654 verbis
779 3598 950 3672 pepercisset.

173 3709 176 3716 ’
210 3683 286 3753 865.
530 3681 670 3770 ἁγνείαν
691 3685 803 3774 λόγων

322 3763 455 3856 ἔργον
476 3791 514 3834 se
535 3768 720 3848 πάντων,
741 3766 786 3839 ὧν
806 3767 905 3858 νόμοι
925 3770 1134 3856 πρόκεινται.

148 3870 241 3932 Schol.
270 3869 328 3933 καὶ
356 3867 466 3954 λόγων
499 3871 558 3934 καὶ
586 3869 797 3957 πραγμάτων
825 3870 968 3955 ἁγνείαν
989 3916 1124 3938 ......
1154 3869 1218 3952 τήν
1275 3857 1277 3864 ,

143 3948 308 4018 sicessos
328 3949 467 4040 ἁγνείαν
487 3954 552 4018 τῶν
572 3954 682 4037 λόγον
702 3957 761 4018 καὶ
782 3955 848 4020 τῶν
871 3953 986 4041 ἔργον.
1016 3959 1107 4020 Herm.
1130 3971 1218 4021 tamen

137 4075 340 4091 *u—

168 4139 170 4146 “
215 4131 241 4188 *i
259 4137 293 4181 ci.
312 4137 395 4187 desole.
412 4141 477 4196 Pers.
497 4139 545 4192 5⁸⁷
564 4137 654 4204 sliaqne
671 4139 776 4201 exemplu
791 4113 816 4189 in
833 4141 943 4204 Stepbsni
962 4143 1021 4198 tbes.
1040 4122 1080 4197 dr.
1099 4145 1135 4196 cd.
1154 4145 1218 4189 Lon·

144 4199 193 4247 din.
213 4199 313 4254 isodata.
439 4213 444 4225 ¹
603 4231 604 4236 =
