3032 5168
278 1430 281 1439 ·
322 1387 338 1428 ³
363 1303 618 1481 Pnlas'
632 1383 946 1482 PRIOR.

179 1581 268 1678 ora.
287 1602 619 1682 sononronunr
662 1599 1134 1685 Lnuunnrrnuoxurl

240 1731 244 1738 ·
439 1709 846 1784 ,ιιιοιοιιιιιιιι

560 1927 763 1942 -t—uv—

412 2093 618 2172 capua}
639 2101 904 2175 Ριιιιιιιιι.
1283 2193 1296 2206 κ

178 2249 442 2336 conternans
464 2257 749 2338 soflomoruuu
769 2269 1004 2341 AUCTORES
1026 2269 1142 2340 sssn.
1192 2247 1195 2250 ’
1280 2365 1283 2373 s

125 2433 269 2533 Scholia
288 2473 428 2550 Sophoclis
435 2513 445 2541 ‚
475 2493 539 2550 quae
561 2471 616 2554 alii
629 2496 664 2532 ex
685 2477 774 2533 eolice
803 2497 851 2534 suo
872 2477 1053 2537 Laurentiano
1074 2477 1193 2536 Lauren·

126 2563 212 2628 tiana,
236 2559 282 2614 alii
304 2565 394 2634 vetera
416 2561 473 2614 sive
494 2557 614 2614 Romana
636 2559 783 2634 appellant,
805 2579 859 2616 non
880 2563 912 2615 ab
933 2579 987 2616 uno
1009 2569 1115 2616 auctore
1135 2579 1194 2634 pro-

122 2645 196 2703 fecta
217 2649 289 2702 sunt.
335 2635 415 2704 Quod
437 2659 515 2716 quum
545 2661 560 2698 e
587 2644 669 2699 simili
698 2651 841 2700 ceterarum
862 2650 981 2700 veterum
1002 2647 1196 2718 interpretatio-

123 2747 185 2785 num
208 2725 363 2784 condicionc
386 2728 443 2802 jam
470 2725 591 2783 concludi
612 2729 727 2802 possit,·
744 2735 798 2784 turn
827 2747 862 2784 ex
889 2731 923 2784 iis
952 2730 1034 2804 ipsis,
1065 2745 1130 2802 quae
1151 2725 1195 2784 hta

124 2821 277 2878 tractamus,
299 2811 379 2866 facile
401 2813 597 2886 cognoscimus.
642 2811 708 2868 Tria
730 2816 799 2868 enim
821 2815 937 2888 insignia
957 2810 1036 2889 hujus
1058 2815 1095 2868 rei
1117 2813 1194 2868 nobis

124 2905 187 2954 sunt
208 2894 306 2952 indicia
314 2895 323 2949 ε’
342 2897 451 2968 priunum
475 2905 563 2963 notae,
585 2899 652 2971 ipsis
675 2899 889 2954 annotationibus
911 2893 1025 2964 additae,
1047 2903 1102 2952 tum
1125 2895 1194 2970 ejus·

125 2981 184 3038 dem
206 2979 392 3054 explicationis
414 2977 506 3034 eodem
528 2983 556 3035 in
578 2981 637 3036 loco
659 2981 798 3056 repetitio,
828 2980 941 3054 denique
968 2981 1047 3055 plane
1075 2978 1195 3034 diversae
1259 3012 1261 3016 ·

125 3074 170 3122 aut
199 3065 327 3120 lectiones
356 3067 402 3118 aut
429 3063 617 3137 explicationes
645 3061 737 3122 eodem
766 3065 826 3120 loco
855 3072 900 3119 aut
928 3067 966 3118 ita
992 3062 1196 3136 conglutinatae,

124 3153 202 3224 quasi
225 3143 260 3202 ad
280 3144 349 3202 itlcm
370 3144 498 3213 redirent,
522 3155 567 3202 aut
588 3149 646 3204 sine
669 3148 855 3222 conjunctione
877 3146 1048 3216 compositae.
1134 3221 1138 3230 ,
1199 3193 1201 3200 ,

620 3337 652 3416 §-
675 3335 704 3403 1.

213 3493 329 3552 Primum
352 3493 434 3574 igitur
454 3479 530 3548 ille
522 3510 594 3568 ipse,
620 3495 663 3568 qui
685 3491 788 3550 scholia
808 3495 885 3552 nobis
907 3491 1030 3563 tradidit,
1061 3501 1197 3556 auctorum

126 3579 309 3638 «liversitateru
331 3577 407 3634 nobis
429 3575 602 3672 significavit
608 3585 652 3632 aut
675 3571 773 3634 aditus
794 3579 953 3636 solemnibus
965 3577 1009 3656 lru
1012 3597 1043 3637 us
1066 3583 1104 3636 rei
1126 3585 1197 3638 notis

125 3657 258 3735 ἄλλως,
295 3649 343 3728 εἷς
374 3651 415 3716 τὸ
441 3651 548 3728 auto,
577 3645 747 3735 ἢοῦτως,
777 3669 823 3719 aut
849 3663 971 3720 lemmata
991 3666 1112 3739 repetito.
1154 3663 1198 3720 De

126 3751 185 3808 illis
209 3763 274 3822 opus
304 3757 358 3801 non
385 3749 427 3800 est
454 3749 484 3800 ut
511 3745 592 3802 verba
620 3743 763 3813 faciamus3
793 3745 889 3804 lemma
909 3754 995 3804 antem
999 3747 1142 3838 repetitur
1164 3747 1198 3804 ad

127 3835 218 3910 plures
241 3827 358 3888 eusdem
379 3828 432 3884 loci
453 3828 642 3924 explicationes
665 3828 698 3884 au
721 3827 819 3888 Trach.
841 3851 868 3892 r.
889 3823 965 3888 632
988 3844 1013 3882 ω
999 3805 1198 3924 ναύλοχα,

128 3848 274 3976 „1053
295 3901 414 3989 Λόγχη
436 3903 625 4008 naucum]
592 3905 721 3972 63260.
736 3907 922 3990 ποιμένων,
935 3902 1035 3979 Ἡξιι
1056 3905 1113 3970 καὶ
1135 3929 1198 3971 rao-

130 3990 259 4065 λύπους
287 3995 387 4090 66161.
408 3985 497 4062 488„
525 3931 655 4090 a'vc'pgaja
661 3996 694 4051 ad
721 3995 766 4072 Α]
787 3989 875 4061 2ll.,
905 3993 975 4067 quod
1001 3996 1105 4056 verbum
1127 4001 1199 4073 prior

130 4086 258 4154 interpres
266 4099 312 4173 per
321 4093 400 4172 εχει,
414 4082 545 4154 posterior
565 4097 612 4154 per
632 4017 762 4159 α’νυψοῐ
779 4077 923 4172 explicat.
944 4075 1070 4136 Srmrlrter
1080 4077 1125 4136 El
1146 4071 1198 4140 87.

134 4151 307 4237 πληγαὶ’
282 4151 435 4240 aucupare
456 4181 514 4218 oum
534 4163 665 4219 lemmatis
680 4149 861 4235 nlnyoic’
837 4148 991 4239 αντήρεις
1006 4151 1200 4240 ιιοῖντὴρεις

133 4245 239 4303 diverso
268 4243 346 4302 ruodo
375 4246 556 4318 explanantur.
607 4244 667 4302 Huc
694 4259 850 4320 aequoque
874 4243 1103 4312 numeraretur,
1132 4259 1198 4315 quae

977 4335 995 4401 l
