3032 5168
370 243 373 256 l

372 502 443 578 egit,
463 498 653 560 romatiana
674 497 769 556 serrum
790 490 928 550 exhihere.
973 485 1027 544 Sed
1047 478 1191 566 11τιμήν
1210 486 1340 552 honorem
1365 495 1464 555 inter-

371 591 522 662 pretantur,
550 585 649 660 primus
675 565 855 654 τιμωρίαν,
880 571 909 630 hi
936 573 1080 648 particulas
1109 571 1285 650 disjunctim
1311 598 1371 636 ncn
1397 589 1462 640 turr-

374 671 453 738 heno,
473 671 572 744 pnimus
593 685 643 742 pro
662 659 818 738 oopulstiris
844 657 929 716 dictas
959 675 1020 714 esse
1042 665 1142 718 censet.
1184 656 1373 720 Nihilominus
1397 671 1462 742 epi·

375 759 496 818 ornator.
516 755 626 827 primum
651 753 680 802 et
708 741 852 804 sectrudum
878 760 925 817 per
952 733 1005 816 δέ,
1030 740 1175 800 secundum
1204 753 1231 800 et
1261 749 1373 810 tertimn
1406 770 1461 824 per

298 847 300 852 ·
377 819 438 896 οὖν
461 836 611 911 conjunxit,
641 837 739 888 temere
770 827 896 902 capulans
925 828 1004 882 etiam
1030 821 1134 886 scholia
1167 825 1201 888 ad
1227 822 1347 893 11186,
1372 828 1459 892 939,

375 916 420 996 Aj.
442 912 533 980 1⁰2&
555 905 722 978 Ρ111,ἳ34ι
744 911 776 974 0.
800 909 860 970 coi
883 899 955 970 148.
977 909 1039 967 alia.

567 1029 580 1059 0

867 1075 895 1153 i·
921 1069 953 1140 4·
1006 1100 1010 1106 ·

643 1195 694 1257 De
720 1213 859 1254 numero
889 1193 1174 1254 scholiastarunr.

369 1380 373 1393 ⁴
463 1315 551 1382 Quum
572 1316 629 1396 jam
656 1321 774 1384 constat,
801 1312 904 1373 scholia
933 1319 1025 1369 nostra
1050 1330 1104 1388 non
1130 1331 1211 1372 unuin
1237 1321 1370 1374 auctorem
1402 1317 1452 1378 ha-

371 1407 453 1474 here,
475 1401 651 1479 quaerendum
672 1407 729 1470 esi,
751 1406 815 1476 quot
835 1397 985 1456 hominibus
1013 1395 1164 1460 debeantur.
1207 1396 1334 1458 Videmus
1357 1411 1450 1462 autem

374 1506 457 1563 ,saepe
488 1486 540 1546 duo
573 1485 731 1546 scholiastae
760 1481 852 1544 codem
887 1481 946 1538 loco
976 1483 1157 1558 compositos,
1182 1501 1292 1556 quormn
1319 1485 1401 1544 lectio
1433 1509 1450 1544 a

332 1567 333 1570 ’
378 1573 453 1628 libris
474 1569 613 1646 discrepet,
635 1577 661 1625 et
682 1587 762 1628 unum
784 1570 829 1642 qui
851 1585 909 1622 cnm
930 1565 1005 1622 lihris
1027 1568 1190 1634 consentiat,
1213 1567 1281 1624 alias
1299 1565 1351 1626 duo
1367 1571 1447 1628 scho-

376 1655 471 1712 liastas
501 1674 560 1713 cum
589 1652 666 1710 codd.
697 1659 742 1710 aut
767 1652 872 1708 omnino
902 1655 948 1706 aut
968 1649 1024 1705 fere
1045 1652 1227 1719 concinentes,
1250 1671 1329 1726 quum
1351 1659 1443 1712 tertius

372 1740 546 1807 ‚vetustiorem
575 1738 715 1794 lectionem
743 1742 876 1810 sequatur.
919 1732 956 1808 Et
983 1731 1035 1789 hoc
1055 1736 1174 1808 inprimis
1196 1741 1334 1812 expertis
1354 1746 1441 1814 poste·

357 1824 455 1878 “moris
478 1840 535 1898 cap.
558 1815 576 1881 l
599 1829 627 1878 st
646 1817 676 1878 2.
699 1821 840 1897 apparebit.
882 1816 976 1892 licque
1003 1815 1054 1873 duo
1076 1821 1251 1888 vetustiores,
1279 1819 1330 1878 duo
1354 1842 1443 1878 recen·

370 1908 458 1976 ,rioms
488 1903 648 1962 scholiastae
673 1903 795 1960 videntur
822 1904 922 1956 serrati
950 1919 1020 1956 esse.
1069 1897 1113 1956 Ad
1134 1921 1199 1976 qnos
1228 1913 1367 1976 excerptor
1389 1908 1446 1974 ille,

306 1978 311 1987 ¹
373 1987 411 2062 vde
432 2006 483 2061 quo
505 2005 586 2062 supra
606 1988 723 2062 egimus,
745 1983 856 2046 accedit.
897 1981 957 2040 Hae
981 2001 1044 2040 vero
1070 1988 1251 2042 annotationes
1273 2003 1364 2041 omnes
1387 2009 1444 2044 non

311 2065 316 2074 ’
376 2074 509 2146 integrae,
538 2067 587 2126 sed
614 2069 645 2124 ab
672 2071 843 2144 epitomatore
873 2067 961 2141 aliquo
989 2074 1016 2124 et
1048 2070 1077 2124 in
1108 2071 1211 2125 brevius
1239 2075 1387 2126 contractae
1415 2079 1443 2127 et

378 2171 512 2228 perperam
543 2153 696 2228 conjunctae
725 2160 752 2208 et
779 2151 935 2226 depravatae
958 2158 1078 2221 exstant,
1108 2151 1137 2209 id
1159 2151 1227 2228 quod
1245 2156 1338 2228 partim
1360 2173 1443 2230 supra

380 2234 559 2306 ostendimus,
580 2240 678 2312 partim,
697 2253 760 2292 mox
780 2237 959 2312 probabimus.

465 2319 597 2383 Quattuor
617 2323 698 2398 igitur
719 2317 878 2376 scholiastae
900 2327 976 2394 atque
998 2326 1176 2396 excerptorem
1195 2325 1353 2398 compositos
1367 2321 1442 2379 ride·

379 2423 438 2464 rarus
464 2407 493 2462 in
514 2403 624 2462 scholiis
645 2404 680 2461 ad
702 2401 768 2464 Oed.
791 2401 851 2462 col.
875 2395 924 2464 14.
973 2403 1012 2459 lbi
1035 2397 1165 2482 Πύργοι
1184 2403 1262 2482 μὲν,
1283 2408 1367 2481 in'quit
1387 2403 1442 2462 rin·

373 2493 483 2566 tigonm
504 2476 542 2546 οἳ
558 2479 660 2548 πόλιν
681 2480 870 2565 στέμονσιν,
891 2475 933 2556 ὥς
955 2477 1013 2544 cic'
1034 2477 1194 2566 ὀμμάτων
1215 2479 1340 2568 apios:
1362 2510 1442 2548 anno-

379 2580 450 2630 tatur
471 2579 574 2631 autern:
599 2565 655 2640 Ὡς
681 2561 739 2629 c'rc'
767 2563 927 2648 ὀμμάτων
952 2561 1078 2649 aciem:
1108 2588 1161 2650 γρ.
1183 2562 1225 2642 ὥς
1249 2563 1441 2653 α’νομμάτω,

380 2645 531 2729 ὅέστιν,
560 2645 605 2722 ὥς
633 2647 750 2736 τυφλῷ
775 2649 940 2730 σημῆναι,
973 2646 1086 2730 πρόσω
1123 2649 1208 2716 εἰσὶν
1216 2699 1228 2732 ,
1256 2649 1299 2726 ὡς
1325 2649 1366 2718 άν
1394 2631 1441 2725 τίς

379 2728 537 2818 πόρ’ῥωά
567 2731 650 2836 optio
670 2728 882 2818 τεκμήραιτο.
914 2731 972 2806 Ὡς
985 2729 1029 2794 άν
1043 2753 1094 2808 τις
1108 2734 1153 2798 τά
1173 2731 1312 2820 ὄμματα
1333 2726 1441 2820 cippo

381 2810 473 2898 ipsc.
514 2756 678 2888 ‘dihecm
698 2812 735 2876 ἒν
757 2813 930 2900 recooperta
951 2811 1202 2904 τεκμήρασθαι.
1227 2817 1319 2899 [leoz]
1342 2821 1439 2885 Λίαν.

380 2903 456 2960 Haec
484 2906 523 2960 sic
548 2923 624 2961 nemo
653 2903 797 2980 intelliget:
825 2904 874 2962 sed
894 2907 984 2981 plures
1012 2916 1074 2964 suut
1094 2912 1331 2982 interpretationes.
1372 2907 1440 2976 Nam

381 2985 534 3054 scholiasta,
556 2991 600 3064 qui
621 2991 703 3063 primo
726 2989 785 3045 loco
808 2989 952 3049 collocatus
975 2999 1028 3059 est,
1051 3011 1128 3066 quum
1148 2992 1266 3066 glossam
1288 2983 1439 3068 α’νομμά-

380 3085 429 3154 τῳ
450 3069 484 3129 ad
506 3062 564 3129 ἀπ’
585 3062 747 3150 ὀμμάτων
767 3075 925 3142 invenisset,
948 3068 995 3150 (de
1008 3095 1057 3149 quo
1074 3075 1108 3130 cf.
1120 3073 1210 3134 Herm.
1224 3071 1259 3128 ad
1272 3071 1299 3132 h.
1318 3070 1351 3148 l.)
1372 3074 1439 3130 hanc

380 3155 464 3229 ipsam
485 3159 583 3213 variam
604 3157 743 3214 lectionem
764 3175 826 3214 esse
847 3165 936 3226 ratus,
965 3161 1082 3234 apposito
1104 3173 1155 3236 γρ.
1175 3155 1219 3214 his
1244 3158 1332 3214 rerhis
1359 3157 1436 3232 expli·

383 3241 450 3301 cuit:
473 3227 494 3296 ὅ
514 3231 624 3314 ἐστιν,
645 3225 688 3306 ὦς
710 3233 828 3323 τυφλῷ
849 3236 1011 3320 σημῆναι,
1033 3232 1145 3319 πρόσω
1166 3231 1261 3300 εἰσίν.
1304 3239 1437 3316 Hispone

382 3327 514 3396 punctum.
556 3320 693 3380 Secundus
715 3322 796 3406 dixit:
820 3317 876 3394 Ὡς
957 3317 1172 3406 τεκμήραιτο.
1214 3316 1271 3391 Ὡς
1351 3313 1434 3402 ἔχων.

381 3401 411 3460 Is
431 3405 511 3480 igilur
532 3406 581 3473 sio,
602 3407 630 3462 ni
650 3405 741 3478 fallor,
764 3407 922 3482 Sophoclem
944 3408 1057 3480 accepit:
1101 3409 1217 3479 Turres,
1241 3405 1321 3484 (quas
1342 3403 1435 3480 videa)

383 3505 431 3544 eae
452 3493 530 3557 sunt,
557 3507 622 3562 quae
646 3492 736 3548 urbam
760 3499 853 3568 tegunt
881 3496 938 3550 sive
959 3496 1077 3560 tuentum
1100 3498 1155 3548 tum
1175 3511 1309 3568 perperam
1331 3483 1436 3569 πρόσω

383 3589 442 3630 cum
463 3561 623 3650 ὀμμάτων
644 3575 787 3670 conjunxit.
831 3575 916 3638 Quem
938 3579 1093 3652 exscripsit,
1122 3579 1165 3652 qui
1194 3580 1326 3651 sequitur,
1352 3580 1435 3650 cuique

381 3653 526 3732 Elmslejss
540 3646 586 3726 sic
598 3649 734 3716 τὸἀντὸ
747 3659 883 3735 praefixit:
903 3649 958 3728 Ὡς
972 3649 1066 3720 ’ἐστιν
1085 3657 1122 3722 ἐκ
1139 3649 1315 3739 repeteretur
1326 3650 1435 3737 τεκμή·

381 3734 541 3828 portica*
570 3741 718 3802 Similhmis
740 3748 810 3800 enirn
830 3743 917 3800 verhis
938 3747 1036 3814 utitur,
1060 3765 1151 3804 rocem
1172 3737 1285 3824 πρόσω
1311 3747 1432 3820 praeposi-

382 3839 454 3894 tione
480 3857 545 3922 προ
574 3839 737 3916 significans.
785 3842 906 3918 Denique
933 3841 1091 3919 adscriptum
1118 3834 1196 3902 λίαν
1223 3843 1368 3902 Brunohius
1394 3862 1433 3900 er·

382 3918 513 3992 placabit:
543 3923 654 3991 „Verha
681 3926 792 3995 rnelius,
825 3947 900 4016 opums
930 3930 958 3984 in
982 3927 1061 3986 edilis
1090 3927 1200 3986 scholiis
1229 3936 1386 4001 exponuntur·
1409 3931 1432 3982 in

382 4005 466 4058 veteri
493 3999 650 4080 (anchii)
676 4009 783 4085 glossa:
812 4003 889 4068 λιαν
917 3997 975 4066 αἴτι’
1006 4001 1167 4086 ὀμμάτων
1203 3999 1316 4088 cippo
1348 3999 1431 4069 ιίσίν,

382 4083 460 4142 valde
481 4088 514 4143 ah
537 4089 635 4158 oculis,
658 4110 674 4148 a
696 4099 852 4168 conspectu,
879 4091 969 4168 procul
997 4100 1066 4152 sunt.
1096 4081 1140 4158 τάς
1161 4109 1239 4166 saepe
1267 4097 1374 4148 occurrit
1391 4113 1433 4167 pro

384 4157 461 4227 λίαν
482 4168 613 4229 adverbiis
630 4176 758 4250 junctum.
800 4175 845 4232 Sic
858 4175 901 4234 m.
921 4165 1010 4232 1437.
1026 4163 1190 4246 άςήιιίως.
1222 4163 1296 4234 λίαν
1309 4165 1434 4254 ιτράωςχιι
