<?xml version="1.0" encoding="UTF-8"?>
<!DOCTYPE html PUBLIC "-//W3C//DTD XHTML 1.0 Transitional//EN"
    "http://www.w3.org/TR/xhtml1/DTD/xhtml1-transitional.dtd">
<html xmlns="http://www.w3.org/1999/xhtml" xml:lang="en" lang="en">
 <head>
  <title>
</title>
<meta http-equiv="Content-Type" content="text/html;charset=utf-8" />
  <meta name='ocr-system' content='tesseract 3.04.00' />
  <meta name='ocr-capabilities' content='ocr_page ocr_carea ocr_par ocr_line ocrx_word'/>
</head>
<body>
  <div class='ocr_page' id='page_1' title='image "./desophoclisscho01wolfgoog_0118.png"; bbox 0 0 2998 5166; ppageno 0'>
   <div class='ocr_carea' id='block_1_1' title="bbox 293 399 354 468">
    <p class='ocr_par' dir='ltr' id='par_1_1' title="bbox 293 399 354 468">
     <span class='ocr_line' id='line_1_1' title="bbox 293 399 354 468; baseline 0.033 -2"><span class='ocrx_word' id='word_1_1' title='bbox 293 399 354 468; x_wconf 78' lang='lat'><strong>1⁰6</strong></span> 
     </span>
    </p>
   </div>
   <div class='ocr_carea' id='block_1_2' title="bbox 294 562 1364 1155">
    <p class='ocr_par' dir='ltr' id='par_1_2' title="bbox 294 562 1364 1155">
     <span class='ocr_line' id='line_1_2' title="bbox 360 562 975 668; baseline -0.011 -35"><span class='ocrx_word' id='word_1_2' title='bbox 360 566 451 634; x_wconf 79' lang='grc'><strong>1165.</strong></span> <span class='ocrx_word' id='word_1_3' title='bbox 679 563 743 640; x_wconf 77' lang='grc' dir='ltr'><strong>τοὶς</strong></span> <span class='ocrx_word' id='word_1_4' title='bbox 763 562 828 668; x_wconf 59' lang='lat' dir='ltr'><strong>goin</strong></span> <span class='ocrx_word' id='word_1_5' title='bbox 849 562 975 666; x_wconf 64' lang='grc' dir='ltr'>ήδονιξς</span> 
     </span>
     <span class='ocr_line' id='line_1_3' title="bbox 468 639 1184 751; baseline -0.001 -39"><span class='ocrx_word' id='word_1_6' title='bbox 468 640 551 712; x_wconf 76' lang='grc' dir='ltr'><strong>ὅταν</strong></span> <span class='ocrx_word' id='word_1_7' title='bbox 572 647 738 751; x_wconf 74' lang='grc' dir='ltr'><strong><em>προδῶσιν</em></strong></span> <span class='ocrx_word' id='word_1_8' title='bbox 759 647 896 750; x_wconf 44' lang='grc' dir='ltr'><strong><em>ανὸρῃς</em></strong></span> <span class='ocrx_word' id='word_1_9' title='bbox 917 669 957 713; x_wconf 88' lang='lat' dir='ltr'><strong>oo</strong></span> <span class='ocrx_word' id='word_1_10' title='bbox 949 639 1099 748; x_wconf 68' lang='grc' dir='ltr'><strong><em>τίθημ’</em></strong></span> <span class='ocrx_word' id='word_1_11' title='bbox 1120 645 1184 730; x_wconf 76' lang='lat' dir='ltr'><strong>lyci</strong></span> 
     </span>
     <span class='ocr_line' id='line_1_4' title="bbox 469 727 1274 818; baseline 0.003 -24"><span class='ocrx_word' id='word_1_12' title='bbox 469 731 529 812; x_wconf 81' lang='grc' dir='ltr'><strong>ζῆν</strong></span> <span class='ocrx_word' id='word_1_13' title='bbox 550 735 686 817; x_wconf 80' lang='grc' dir='ltr'><strong><em>τοῦτον,</em></strong></span> <span class='ocrx_word' id='word_1_14' title='bbox 708 727 823 796; x_wconf 79' lang='grc' dir='ltr'><strong><em>α’λλ’”</em></strong></span> <span class='ocrx_word' id='word_1_15' title='bbox 806 747 956 818; x_wconf 79' lang='grc' dir='ltr'>εμψυχιν</span> <span class='ocrx_word' id='word_1_16' title='bbox 977 727 1127 816; x_wconf 75' lang='grc' dir='ltr'>ἡγοῦμαι</span> <span class='ocrx_word' id='word_1_17' title='bbox 1148 727 1274 818; x_wconf 79' lang='grc' dir='ltr'><strong><em>νεκρόν.</em></strong></span> 
     </span>
     <span class='ocr_line' id='line_1_5' title="bbox 296 819 1361 920; baseline -0.002 -38"><span class='ocrx_word' id='word_1_18' title='bbox 296 823 461 882; x_wconf 79' lang='lat' dir='ltr'><strong>Postremum</strong></span> <span class='ocrx_word' id='word_1_19' title='bbox 489 841 515 880; x_wconf 86' lang='lat' dir='ltr'><strong>r.</strong></span> <span class='ocrx_word' id='word_1_20' title='bbox 544 827 669 880; x_wconf 87' lang='lat' dir='ltr'><strong>omissum</strong></span> <span class='ocrx_word' id='word_1_21' title='bbox 707 821 840 882; x_wconf 79' lang='lat' dir='ltr'><strong>codicibus</strong></span> <span class='ocrx_word' id='word_1_22' title='bbox 868 823 1008 883; x_wconf 87' lang='lat' dir='ltr'><strong>omnibus</strong></span> <span class='ocrx_word' id='word_1_23' title='bbox 1022 820 1168 878; x_wconf 83' lang='lat' dir='ltr'><strong>habuerunt</strong></span> <span class='ocrx_word' id='word_1_24' title='bbox 1197 819 1361 920; x_wconf 75' lang='lat' dir='ltr'>Athenaeus,</span> 
     </span>
     <span class='ocr_line' id='line_1_6' title="bbox 294 893 1364 1004; baseline 0.001 -40"><span class='ocrx_word' id='word_1_25' title='bbox 294 906 465 976; x_wconf 84' lang='lat' dir='ltr'><strong>Eustathius,</strong></span> <span class='ocrx_word' id='word_1_26' title='bbox 494 906 650 972; x_wconf 82' lang='lat' dir='ltr'><strong>scholiasta3</strong></span> <span class='ocrx_word' id='word_1_27' title='bbox 682 903 725 961; x_wconf 90' lang='lat' dir='ltr'><strong>bic</strong></span> <span class='ocrx_word' id='word_1_28' title='bbox 752 909 820 960; x_wconf 88' lang='lat' dir='ltr'><strong>enim</strong></span> <span class='ocrx_word' id='word_1_29' title='bbox 846 912 962 965; x_wconf 83' lang='lat' dir='ltr'><strong>enarrat:</strong></span> <span class='ocrx_word' id='word_1_30' title='bbox 995 897 1035 963; x_wconf 82' lang='lat' dir='ltr'><strong>orl</strong></span> <span class='ocrx_word' id='word_1_31' title='bbox 1062 893 1209 1004; x_wconf 77' lang='grc' dir='ltr'>τίθημι,</span> <span class='ocrx_word' id='word_1_32' title='bbox 1240 921 1298 984; x_wconf 65' lang='grc' dir='ltr'>ιιι,</span> <span class='ocrx_word' id='word_1_33' title='bbox 1326 899 1364 966; x_wconf 77' lang='grc' dir='ltr'><strong>ἓν</strong></span> 
     </span>
     <span class='ocr_line' id='line_1_7' title="bbox 294 969 1362 1134; baseline 0.002 -86"><span class='ocrx_word' id='word_1_34' title='bbox 294 986 487 1132; x_wconf 60' lang='lat' dir='ltr'><strong>cor}</strong></span> <span class='ocrx_word' id='word_1_35' title='bbox 387 983 517 1134; x_wconf 57' lang='lat' dir='ltr'><strong>{rienu</strong></span> <span class='ocrx_word' id='word_1_36' title='bbox 489 982 547 1050; x_wconf 81' lang='grc' dir='ltr'><strong>τὸν</strong></span> <span class='ocrx_word' id='word_1_37' title='bbox 570 981 739 1063; x_wconf 81' lang='grc' dir='ltr'><strong><em>τοιοῦτρν</em></strong></span> <span class='ocrx_word' id='word_1_38' title='bbox 767 969 840 1046; x_wconf 83' lang='grc' dir='ltr'><strong><em>οἷον</em></strong></span> <span class='ocrx_word' id='word_1_39' title='bbox 859 1003 898 1046; x_wconf 88' lang='grc' dir='ltr'><strong>ον</strong></span> <span class='ocrx_word' id='word_1_40' title='bbox 888 977 1046 1067; x_wconf 82' lang='grc' dir='ltr'>’νομίζω</span> <span class='ocrx_word' id='word_1_41' title='bbox 1071 981 1169 1064; x_wconf 77' lang='grc' dir='ltr'><strong>ζῆν’</strong></span> <span class='ocrx_word' id='word_1_42' title='bbox 1153 983 1277 1052; x_wconf 80' lang='grc' dir='ltr'>εκιῑνον</span> <span class='ocrx_word' id='word_1_43' title='bbox 1300 982 1362 1050; x_wconf 82' lang='grc' dir='ltr'><strong>τὸν</strong></span> 
     </span>
     <span class='ocr_line' id='line_1_8' title="bbox 294 1089 471 1155; baseline -0.009 -24"><span class='ocrx_word' id='word_1_44' title='bbox 294 1090 338 1132; x_wconf 79' lang='lat' dir='ltr'><strong>ae</strong></span> <span class='ocrx_word' id='word_1_45' title='bbox 359 1089 471 1155; x_wconf 69' lang='lat' dir='ltr'><strong>eo...</strong></span> 
     </span>
    </p>
   </div>
   <div class='ocr_carea' id='block_1_3' title="bbox 295 1223 496 1240">
    <p class='ocr_par' dir='ltr' id='par_1_3' title="bbox 295 1223 496 1240">
     <span class='ocr_line' id='line_1_9' title="bbox 295 1223 496 1240; baseline -0.02 0"><span class='ocrx_word' id='word_1_46' title='bbox 295 1223 496 1240; x_wconf 47' lang='grc' dir='ltr'>-ι-ι-ιῌ</span> 
     </span>
    </p>
   </div>
   <div class='ocr_carea' id='block_1_4' title="bbox 360 1312 1410 1388">
    <p class='ocr_par' dir='ltr' id='par_1_4' title="bbox 360 1275 1496 1390">
     <span class='ocr_line' id='line_1_10' title="bbox 360 1312 1410 1388; baseline 0.002 -22"><span class='ocrx_word' id='word_1_47' title='bbox 360 1322 444 1366; x_wconf 79' lang='lat' dir='ltr'><strong>Note.</strong></span> <span class='ocrx_word' id='word_1_48' title='bbox 479 1318 589 1368; x_wconf 79' lang='lat' dir='ltr'><strong>Omisib.</strong></span> <span class='ocrx_word' id='word_1_49' title='bbox 607 1321 625 1371; x_wconf 93' lang='lat' dir='ltr'><strong>l</strong></span> <span class='ocrx_word' id='word_1_50' title='bbox 643 1334 665 1366; x_wconf 84' lang='grc' dir='ltr'><strong>ι.</strong></span> <span class='ocrx_word' id='word_1_51' title='bbox 685 1321 773 1377; x_wconf 74' lang='grc'><strong>1299,</strong></span> <span class='ocrx_word' id='word_1_52' title='bbox 796 1319 834 1366; x_wconf 86' lang='lat' dir='ltr'><strong>nbi</strong></span> <span class='ocrx_word' id='word_1_53' title='bbox 858 1333 900 1379; x_wconf 79' lang='lat' dir='ltr'><strong>pro</strong></span> <span class='ocrx_word' id='word_1_54' title='bbox 923 1321 998 1366; x_wconf 78' lang='lat' dir='ltr'><strong>verbis</strong></span> <span class='ocrx_word' id='word_1_55' title='bbox 1016 1312 1075 1368; x_wconf 77' lang='grc' dir='ltr'><strong>τάδ’</strong></span> <span class='ocrx_word' id='word_1_56' title='bbox 1094 1315 1206 1369; x_wconf 69' lang='lat' dir='ltr'><strong>tranen</strong></span> <span class='ocrx_word' id='word_1_57' title='bbox 1224 1333 1252 1366; x_wconf 82' lang='lat' dir='ltr'><strong>ox</strong></span> <span class='ocrx_word' id='word_1_58' title='bbox 1270 1321 1361 1368; x_wconf 81' lang='lat' dir='ltr'><strong>scholio</strong></span> <span class='ocrx_word' id='word_1_59' title='bbox 1402 1370 1410 1388; x_wconf 32' lang='lat' dir='ltr'>x</span> 
     </span>
    </p>
   </div>
   <div class='ocr_carea' id='block_1_5' title="bbox 293 1376 1361 1518">
    <p class='ocr_par' dir='ltr' id='par_1_5' title="bbox 293 1376 1361 1518">
     <span class='ocr_line' id='line_1_11' title="bbox 293 1376 1361 1454; baseline 0 -20"><span class='ocrx_word' id='word_1_60' title='bbox 293 1403 337 1454; x_wconf 75' lang='grc' dir='ltr'><strong>γρ.</strong></span> <span class='ocrx_word' id='word_1_61' title='bbox 362 1379 411 1435; x_wconf 79' lang='grc' dir='ltr'><strong>τὸν</strong></span> <span class='ocrx_word' id='word_1_62' title='bbox 434 1376 463 1434; x_wconf 79' lang='lat' dir='ltr'><strong>cl’</strong></span> <span class='ocrx_word' id='word_1_63' title='bbox 486 1384 584 1434; x_wconf 73' lang='grc' dir='ltr'><strong><em>ἔναντα</em></strong></span> <span class='ocrx_word' id='word_1_64' title='bbox 606 1386 663 1435; x_wconf 77' lang='lat' dir='ltr'><strong>baec</strong></span> <span class='ocrx_word' id='word_1_65' title='bbox 683 1387 751 1432; x_wconf 84' lang='lat' dir='ltr'><strong>lectio</strong></span> <span class='ocrx_word' id='word_1_66' title='bbox 776 1387 804 1434; x_wconf 81' lang='lat' dir='ltr'><strong>eb</strong></span> <span class='ocrx_word' id='word_1_67' title='bbox 822 1389 925 1436; x_wconf 73' lang='lat' dir='ltr'><strong>cunibus</strong></span> <span class='ocrx_word' id='word_1_68' title='bbox 943 1397 978 1436; x_wconf 83' lang='grc' dir='ltr'><strong>ιιι</strong></span> <span class='ocrx_word' id='word_1_69' title='bbox 996 1396 1101 1452; x_wconf 53' lang='lat' dir='ltr'><strong>receptor</strong></span> <span class='ocrx_word' id='word_1_70' title='bbox 1124 1389 1259 1434; x_wconf 73' lang='lat' dir='ltr'><strong>sedentem</strong></span> <span class='ocrx_word' id='word_1_71' title='bbox 1277 1389 1361 1436; x_wconf 80' lang='lat' dir='ltr'><strong>coelice</strong></span> 
     </span>
     <span class='ocr_line' id='line_1_12' title="bbox 293 1455 1360 1518; baseline 0.001 -17"><span class='ocrx_word' id='word_1_72' title='bbox 293 1457 345 1502; x_wconf 86' lang='lat' dir='ltr'><strong>Par</strong></span> <span class='ocrx_word' id='word_1_73' title='bbox 365 1467 386 1500; x_wconf 84' lang='grc' dir='ltr'><strong>ι.</strong></span> <span class='ocrx_word' id='word_1_74' title='bbox 406 1467 452 1500; x_wconf 83' lang='lat' dir='ltr'><strong>serr</strong></span> <span class='ocrx_word' id='word_1_75' title='bbox 444 1461 494 1499; x_wconf 78' lang='lat' dir='ltr'><strong>rate</strong></span> <span class='ocrx_word' id='word_1_76' title='bbox 512 1462 555 1512; x_wconf 82' lang='lat' dir='ltr'><strong>cst,</strong></span> <span class='ocrx_word' id='word_1_77' title='bbox 574 1468 643 1513; x_wconf 84' lang='lat' dir='ltr'><strong>querc</strong></span> <span class='ocrx_word' id='word_1_78' title='bbox 661 1469 705 1502; x_wconf 90' lang='lat' dir='ltr'><strong>nou</strong></span> <span class='ocrx_word' id='word_1_79' title='bbox 723 1455 767 1502; x_wconf 84' lang='lat' dir='ltr'><strong>soli</strong></span> <span class='ocrx_word' id='word_1_80' title='bbox 785 1458 936 1502; x_wconf 74' lang='lat' dir='ltr'><strong>commentarii</strong></span> <span class='ocrx_word' id='word_1_81' title='bbox 955 1464 1038 1504; x_wconf 88' lang='lat' dir='ltr'><strong>rectum</strong></span> <span class='ocrx_word' id='word_1_82' title='bbox 1057 1471 1084 1504; x_wconf 83' lang='grc' dir='ltr'><strong>ιι</strong></span> <span class='ocrx_word' id='word_1_83' title='bbox 1102 1471 1179 1503; x_wconf 86' lang='lat' dir='ltr'><strong>verum</strong></span> <span class='ocrx_word' id='word_1_84' title='bbox 1197 1457 1360 1518; x_wconf 69' lang='lat' dir='ltr'><strong>praebuerunt.</strong></span> 
     </span>
    </p>
   </div>
   <div class='ocr_carea' id='block_1_6' title="bbox 372 1873 1357 2106">
    <p class='ocr_par' dir='ltr' id='par_1_6' title="bbox 372 1873 1350 2106">
     <span class='ocr_line' id='line_1_13' title="bbox 562 1873 1083 1936; baseline -0.002 -2"><span class='ocrx_word' id='word_1_85' title='bbox 562 1875 782 1936; x_wconf 69' lang='lat' dir='ltr'><strong>OEDU&#39;US</strong></span> <span class='ocrx_word' id='word_1_86' title='bbox 811 1873 1083 1934; x_wconf 67' lang='lat' dir='ltr'><strong>(tommentis.</strong></span> 
     </span>
     <span class='ocr_line' id='line_1_14' title="bbox 372 1993 1357 2106; baseline 0 -38"><span class='ocrx_word' id='word_1_87' title='bbox 372 2007 425 2075; x_wconf 80' lang='grc'><strong>24</strong></span> <span class='ocrx_word' id='word_1_88' title='bbox 463 2005 545 2072; x_wconf 80' lang='grc' dir='ltr'><strong><em>Ἅντ.</em></strong></span> <span class='ocrx_word' id='word_1_89' title='bbox 574 2005 642 2080; x_wconf 77' lang='grc' dir='ltr'><strong>Τοές</strong></span> <span class='ocrx_word' id='word_1_90' title='bbox 662 2003 908 2108; x_wconf 70' lang='grc' dir='ltr'><strong><em>γοῦνἍθήνας</em></strong></span> <span class='ocrx_word' id='word_1_91' title='bbox 930 1993 1026 2069; x_wconf 72' lang='lat' dir='ltr'><strong>otia</strong></span> <span class='ocrx_word' id='word_1_92' title='bbox 1056 2001 1115 2067; x_wconf 80' lang='grc' dir='ltr'><strong>τόν</strong></span> <span class='ocrx_word' id='word_1_93' title='bbox 1136 2001 1174 2066; x_wconf 71' lang='grc' dir='ltr'><strong>δὲ</strong></span> <span class='ocrx_word' id='word_1_94' title='bbox 1191 2001 1357 2106; x_wconf 53' lang='grc' dir='ltr'><strong>χῶρονοῦ.</strong></span> 
     </span>
    </p>
   </div>
   <div class='ocr_carea' id='block_1_7' title="bbox 459 2084 1357 2251">
    <p class='ocr_par' dir='ltr' id='par_1_7' title="bbox 461 2084 1357 2251">
     <span class='ocr_line' id='line_1_15' title="bbox 468 2084 1357 2190; baseline -0.003 -40"><span class='ocrx_word' id='word_1_95' title='bbox 468 2085 543 2153; x_wconf 78' lang='lat' dir='ltr'><strong>Ocri</strong></span> <span class='ocrx_word' id='word_1_96' title='bbox 569 2089 636 2162; x_wconf 78' lang='grc' dir='ltr'><strong><em>πᾶς</em></strong></span> <span class='ocrx_word' id='word_1_97' title='bbox 662 2087 728 2190; x_wconf 77' lang='grc' dir='ltr'><strong>γάρ</strong></span> <span class='ocrx_word' id='word_1_98' title='bbox 755 2109 804 2162; x_wconf 80' lang='grc' dir='ltr'><strong>τις</strong></span> <span class='ocrx_word' id='word_1_99' title='bbox 829 2085 918 2163; x_wconf 80' lang='grc' dir='ltr'><em>ηὔδα</em></span> <span class='ocrx_word' id='word_1_100' title='bbox 946 2085 1072 2148; x_wconf 80' lang='grc' dir='ltr'><strong><em>τοῦτον</em></strong></span> <span class='ocrx_word' id='word_1_101' title='bbox 1093 2084 1174 2166; x_wconf 81' lang='grc' dir='ltr'><strong>ἡμὶν</strong></span> <span class='ocrx_word' id='word_1_102' title='bbox 1195 2105 1357 2184; x_wconf 78' lang='grc' dir='ltr'><strong><em>εμπορων.</em></strong></span> 
     </span>
     <span class='ocr_line' id='line_1_16' title="bbox 459 2159 1357 2251; baseline -0.005 -18.991"><span class='ocrx_word' id='word_1_103' title='bbox 459 2170 543 2232; x_wconf 59' lang='lat' dir='ltr'><strong>&#39;stuc</strong></span> <span class='ocrx_word' id='word_1_104' title='bbox 564 2167 669 2231; x_wconf 78' lang='lat' dir='ltr'><strong>a’tt’‘</strong></span> <span class='ocrx_word' id='word_1_105' title='bbox 660 2164 750 2242; x_wconf 76' lang='grc' dir='ltr'>ὅσοις</span> <span class='ocrx_word' id='word_1_106' title='bbox 772 2166 790 2233; x_wconf 87' lang='grc' dir='ltr'>ὁ</span> <span class='ocrx_word' id='word_1_107' title='bbox 813 2167 915 2241; x_wconf 83' lang='grc' dir='ltr'><strong><em>τόπος</em></strong></span> <span class='ocrx_word' id='word_1_108' title='bbox 935 2191 956 2247; x_wconf 85' lang='grc' dir='ltr'><em>η</em></span> <span class='ocrx_word' id='word_1_109' title='bbox 943 2159 1084 2250; x_wconf 75' lang='grc' dir='ltr'><em>μάθω</em></span> <span class='ocrx_word' id='word_1_110' title='bbox 1109 2164 1262 2251; x_wconf 79' lang='grc' dir='ltr'>μιλοῦσά</span> <span class='ocrx_word' id='word_1_111' title='bbox 1284 2187 1357 2242; x_wconf 66' lang='grc' dir='ltr'>ποις</span> 
     </span>
    </p>
   </div>
   <div class='ocr_carea' id='block_1_8' title="bbox 199 2269 1358 2350">
    <p class='ocr_par' dir='ltr' id='par_1_8' title="bbox 199 2269 1358 2350">
     <span class='ocr_line' id='line_1_17' title="bbox 199 2269 1358 2350; baseline -0.006 -15"><span class='ocrx_word' id='word_1_112' title='bbox 199 2319 201 2324; x_wconf 70' lang='lat'><em>,</em></span> <span class='ocrx_word' id='word_1_113' title='bbox 288 2278 367 2334; x_wconf 88' lang='lat' dir='ltr'><strong>lnv.</strong></span> <span class='ocrx_word' id='word_1_114' title='bbox 389 2269 441 2334; x_wconf 79' lang='grc'><strong>26.</strong></span> <span class='ocrx_word' id='word_1_115' title='bbox 471 2293 505 2330; x_wconf 84' lang='lat' dir='ltr'><strong>ex</strong></span> <span class='ocrx_word' id='word_1_116' title='bbox 526 2271 635 2331; x_wconf 85' lang='lat' dir='ltr'><strong>Heatbii</strong></span> <span class='ocrx_word' id='word_1_117' title='bbox 661 2275 811 2350; x_wconf 81' lang='lat' dir='ltr'><strong>conjectura</strong></span> <span class='ocrx_word' id='word_1_118' title='bbox 838 2282 930 2350; x_wconf 84' lang='lat' dir='ltr'><strong>postea</strong></span> <span class='ocrx_word' id='word_1_119' title='bbox 960 2273 1050 2332; x_wconf 79' lang='lat' dir='ltr'><strong>colice</strong></span> <span class='ocrx_word' id='word_1_120' title='bbox 1071 2273 1134 2333; x_wconf 87' lang='lat' dir='ltr'><strong>Par.</strong></span> <span class='ocrx_word' id='word_1_121' title='bbox 1155 2275 1177 2330; x_wconf 85' lang='lat' dir='ltr'><strong>f.</strong></span> <span class='ocrx_word' id='word_1_122' title='bbox 1205 2271 1358 2330; x_wconf 85' lang='lat' dir='ltr'><strong>confirmata</strong></span> 
     </span>
    </p>
   </div>
   <div class='ocr_carea' id='block_1_9' title="bbox 220 2351 1356 2603">
    <p class='ocr_par' dir='ltr' id='par_1_9' title="bbox 220 2351 1356 2603">
     <span class='ocr_line' id='line_1_18' title="bbox 291 2351 1354 2458; baseline -0.007 -40"><span class='ocrx_word' id='word_1_123' title='bbox 291 2379 382 2419; x_wconf 91' lang='lat' dir='ltr'><strong>omnes</strong></span> <span class='ocrx_word' id='word_1_124' title='bbox 404 2351 502 2417; x_wconf 82' lang='grc' dir='ltr'><strong><em>τοῦτο</em></strong></span> <span class='ocrx_word' id='word_1_125' title='bbox 528 2375 549 2436; x_wconf 76' lang='lat' dir='ltr'><em>y</em></span> <span class='ocrx_word' id='word_1_126' title='bbox 580 2361 755 2435; x_wconf 84' lang='lat' dir='ltr'><strong>scripserunt3</strong></span> <span class='ocrx_word' id='word_1_127' title='bbox 784 2366 811 2416; x_wconf 90' lang='lat' dir='ltr'><strong>et</strong></span> <span class='ocrx_word' id='word_1_128' title='bbox 838 2367 957 2415; x_wconf 86' lang='lat' dir='ltr'><strong>neutrum</strong></span> <span class='ocrx_word' id='word_1_129' title='bbox 986 2361 1149 2458; x_wconf 77' lang='lat' dir='ltr'><strong>pronominis</strong></span> <span class='ocrx_word' id='word_1_130' title='bbox 1165 2375 1254 2452; x_wconf 56' lang='lat' dir='ltr'><strong>genus</strong></span> <span class='ocrx_word' id='word_1_131' title='bbox 1275 2359 1354 2412; x_wconf 86' lang='lat' dir='ltr'><strong>inter·</strong></span> 
     </span>
     <span class='ocr_line' id='line_1_19' title="bbox 288 2426 1356 2541; baseline -0.005 -40"><span class='ocrx_word' id='word_1_132' title='bbox 288 2449 372 2541; x_wconf 61' lang='lat' dir='ltr'><strong>preti</strong></span> <span class='ocrx_word' id='word_1_133' title='bbox 386 2463 487 2519; x_wconf 90' lang='lat' dir='ltr'><strong>quoqne</strong></span> <span class='ocrx_word' id='word_1_134' title='bbox 513 2450 584 2511; x_wconf 88' lang='lat' dir='ltr'><strong>erat,</strong></span> <span class='ocrx_word' id='word_1_135' title='bbox 618 2447 769 2500; x_wconf 77' lang='lat' dir='ltr'><strong>annotasti.</strong></span> <span class='ocrx_word' id='word_1_136' title='bbox 810 2433 851 2502; x_wconf 76' lang='grc' dir='ltr'><strong><em>Ίῖ</em></strong></span> <span class='ocrx_word' id='word_1_137' title='bbox 876 2433 1016 2514; x_wconf 67' lang='grc' dir='ltr'><strong>ηὔδαςῐ</strong></span> <span class='ocrx_word' id='word_1_138' title='bbox 1005 2431 1059 2500; x_wconf 78' lang='grc' dir='ltr'><strong>ότι</strong></span> <span class='ocrx_word' id='word_1_139' title='bbox 1086 2426 1188 2500; x_wconf 80' lang='grc' dir='ltr'>αὗται</span> <span class='ocrx_word' id='word_1_140' title='bbox 1209 2453 1295 2502; x_wconf 75' lang='lat' dir='ltr'><strong>stow</strong></span> <span class='ocrx_word' id='word_1_141' title='bbox 1317 2435 1356 2497; x_wconf 84' lang='grc' dir='ltr'><strong>αἱ</strong></span> 
     </span>
     <span class='ocr_line' id='line_1_20' title="bbox 220 2521 1108 2603; baseline -0.006 -16"><span class='ocrx_word' id='word_1_142' title='bbox 220 2567 223 2575; x_wconf 86' lang='lat'>.</span> <span class='ocrx_word' id='word_1_143' title='bbox 290 2521 439 2600; x_wconf 73' lang='grc' dir='ltr'>Αθῆναι.</span> <span class='ocrx_word' id='word_1_144' title='bbox 481 2525 700 2602; x_wconf 73' lang='lat' dir='ltr'><strong>lequodscho</strong></span> <span class='ocrx_word' id='word_1_145' title='bbox 722 2526 908 2584; x_wconf 84' lang='lat' dir='ltr'><strong>animadvertit</strong></span> <span class='ocrx_word' id='word_1_146' title='bbox 929 2525 1108 2603; x_wconf 80' lang='lat' dir='ltr'><strong>Reisigius.</strong></span> 
     </span>
    </p>
   </div>
   <div class='ocr_carea' id='block_1_10' title="bbox 373 2611 1228 2789">
    <p class='ocr_par' dir='ltr' id='par_1_10' title="bbox 373 2611 1220 2789">
     <span class='ocr_line' id='line_1_21' title="bbox 373 2611 986 2723; baseline -0.005 -36"><span class='ocrx_word' id='word_1_147' title='bbox 373 2623 424 2687; x_wconf 82' lang='lat'><strong>35.</strong></span> <span class='ocrx_word' id='word_1_148' title='bbox 653 2611 757 2723; x_wconf 75' lang='grc' dir='ltr'>οὕνιχ</span> <span class='ocrx_word' id='word_1_149' title='bbox 780 2616 858 2702; x_wconf 59' lang='grc' dir='ltr'><strong>ίμὶν</strong></span> <span class='ocrx_word' id='word_1_150' title='bbox 877 2618 986 2694; x_wconf 84' lang='grc' dir='ltr'>αἴσιος</span> 
     </span>
     <span class='ocr_line' id='line_1_22' title="bbox 434 2698 1228 2789; baseline -0.001 -22"><span class='ocrx_word' id='word_1_151' title='bbox 434 2701 556 2777; x_wconf 78' lang='grc' dir='ltr'><strong><em>σκοπὸς</em></strong></span> <span class='ocrx_word' id='word_1_152' title='bbox 576 2701 745 2787; x_wconf 78' lang='grc' dir='ltr'>προςήκιις</span> <span class='ocrx_word' id='word_1_153' title='bbox 766 2705 841 2768; x_wconf 80' lang='grc' dir='ltr'><strong>τῶν</strong></span> <span class='ocrx_word' id='word_1_154' title='bbox 863 2700 886 2766; x_wconf 80' lang='grc' dir='ltr'><strong><em>ἁ</em></strong></span> <span class='ocrx_word' id='word_1_155' title='bbox 881 2699 1070 2786; x_wconf 78' lang='grc' dir='ltr'><strong>δηλοῦμεν</strong></span> <span class='ocrx_word' id='word_1_156' title='bbox 1088 2698 1228 2789; x_wconf 82' lang='grc' dir='ltr'>φράσαι.</span> 
     </span>
    </p>
   </div>
   <div class='ocr_carea' id='block_1_11' title="bbox 287 2796 1356 3288">
    <p class='ocr_par' dir='ltr' id='par_1_11' title="bbox 287 2796 1356 3288">
     <span class='ocr_line' id='line_1_23' title="bbox 289 2796 1356 2910; baseline 0 -42"><span class='ocrx_word' id='word_1_157' title='bbox 289 2800 415 2910; x_wconf 72' lang='lat' dir='ltr'><strong>1)ch</strong></span> <span class='ocrx_word' id='word_1_158' title='bbox 434 2801 543 2876; x_wconf 78' lang='grc' dir='ltr'>αἴσιος</span> <span class='ocrx_word' id='word_1_159' title='bbox 568 2801 668 2907; x_wconf 83' lang='grc' dir='ltr'><strong><em>ἡμῖν</em></strong></span> <span class='ocrx_word' id='word_1_160' title='bbox 678 2801 798 2878; x_wconf 84' lang='grc' dir='ltr'><strong><em>σκοπὸς</em></strong></span> <span class='ocrx_word' id='word_1_161' title='bbox 830 2796 953 2908; x_wconf 79' lang='grc' dir='ltr'>α’φῖξαι</span> <span class='ocrx_word' id='word_1_162' title='bbox 962 2848 975 2882; x_wconf 90' lang='lat'><em>,</em></span> <span class='ocrx_word' id='word_1_163' title='bbox 1004 2798 1087 2867; x_wconf 76' lang='grc' dir='ltr'><em>ὥστε</em></span> <span class='ocrx_word' id='word_1_164' title='bbox 1096 2800 1245 2908; x_wconf 81' lang='grc' dir='ltr'>φράσαι</span> <span class='ocrx_word' id='word_1_165' title='bbox 1276 2804 1356 2888; x_wconf 81' lang='grc' dir='ltr'>περι</span> 
     </span>
     <span class='ocr_line' id='line_1_24' title="bbox 287 2879 1355 2989; baseline 0 -37"><span class='ocrx_word' id='word_1_166' title='bbox 287 2909 333 2954; x_wconf 87' lang='grc' dir='ltr'><strong>ων</strong></span> <span class='ocrx_word' id='word_1_167' title='bbox 354 2887 558 2989; x_wconf 75' lang='grc' dir='ltr'><strong><em>οἷγνοονμιν</em></strong></span> <span class='ocrx_word' id='word_1_168' title='bbox 589 2882 668 2967; x_wconf 78' lang='lat'><strong>2)”</strong></span> <span class='ocrx_word' id='word_1_169' title='bbox 645 2909 666 2963; x_wconf 80' lang='grc' dir='ltr'><em>η</em></span> <span class='ocrx_word' id='word_1_170' title='bbox 689 2880 771 2950; x_wconf 76' lang='grc' dir='ltr'><strong>ὥστε</strong></span> <span class='ocrx_word' id='word_1_171' title='bbox 800 2879 931 2973; x_wconf 79' lang='grc' dir='ltr'>φροίσοιι</span> <span class='ocrx_word' id='word_1_172' title='bbox 956 2884 1052 2971; x_wconf 83' lang='grc' dir='ltr'><strong><em>ἡμῖν,</em></strong></span> <span class='ocrx_word' id='word_1_173' title='bbox 1079 2880 1103 2950; x_wconf 76' lang='grc' dir='ltr'><strong>ἶν’</strong></span> <span class='ocrx_word' id='word_1_174' title='bbox 1128 2907 1182 2950; x_wconf 87' lang='grc' dir='ltr'><strong>σοι</strong></span> <span class='ocrx_word' id='word_1_175' title='bbox 1208 2882 1355 2970; x_wconf 76' lang='grc' dir='ltr'><strong>λέξομεν.</strong></span> 
     </span>
     <span class='ocr_line' id='line_1_25' title="bbox 288 2965 1355 3054; baseline 0 -20"><span class='ocrx_word' id='word_1_176' title='bbox 288 2973 365 3054; x_wconf 68' lang='grc' dir='ltr'><strong>τῶν)</strong></span> <span class='ocrx_word' id='word_1_177' title='bbox 389 2966 422 3038; x_wconf 76' lang='grc' dir='ltr'><strong>α’.</strong></span> <span class='ocrx_word' id='word_1_178' title='bbox 443 2992 472 3034; x_wconf 86' lang='grc' dir='ltr'><strong>τ.</strong></span> <span class='ocrx_word' id='word_1_179' title='bbox 495 2965 629 3035; x_wconf 79' lang='grc' dir='ltr'><strong><em>τούτων.</em></strong></span> <span class='ocrx_word' id='word_1_180' title='bbox 671 2975 810 3034; x_wconf 81' lang='lat' dir='ltr'><strong>Posterius</strong></span> <span class='ocrx_word' id='word_1_181' title='bbox 832 2976 980 3046; x_wconf 87' lang='lat' dir='ltr'><strong>scholium,</strong></span> <span class='ocrx_word' id='word_1_182' title='bbox 1009 2976 1079 3054; x_wconf 81' lang='lat' dir='ltr'><strong>quod</strong></span> <span class='ocrx_word' id='word_1_183' title='bbox 1099 2980 1131 3034; x_wconf 87' lang='lat' dir='ltr'><strong>ab</strong></span> <span class='ocrx_word' id='word_1_184' title='bbox 1153 2965 1176 3046; x_wconf 79' lang='grc' dir='ltr'><strong><em>ἦ</em></strong></span> <span class='ocrx_word' id='word_1_185' title='bbox 1195 2979 1298 3052; x_wconf 86' lang='lat' dir='ltr'><strong>incipit,</strong></span> <span class='ocrx_word' id='word_1_186' title='bbox 1321 2975 1355 3034; x_wconf 84' lang='lat' dir='ltr'><strong>ari</strong></span> 
     </span>
     <span class='ocr_line' id='line_1_26' title="bbox 287 3059 1355 3158; baseline -0.003 -36"><span class='ocrx_word' id='word_1_187' title='bbox 287 3065 422 3158; x_wconf 78' lang='lat' dir='ltr'><strong>vulgatam</strong></span> <span class='ocrx_word' id='word_1_188' title='bbox 443 3063 557 3136; x_wconf 89' lang='lat' dir='ltr'><strong>pertinet</strong></span> <span class='ocrx_word' id='word_1_189' title='bbox 577 3063 783 3158; x_wconf 81' lang='lat' dir='ltr'><strong>corruptionem,</strong></span> <span class='ocrx_word' id='word_1_190' title='bbox 809 3064 882 3137; x_wconf 88' lang='lat' dir='ltr'><strong>prius</strong></span> <span class='ocrx_word' id='word_1_191' title='bbox 907 3079 971 3118; x_wconf 86' lang='lat' dir='ltr'><strong>vero</strong></span> <span class='ocrx_word' id='word_1_192' title='bbox 992 3065 1061 3119; x_wconf 90' lang='lat' dir='ltr'><strong>inter</strong></span> <span class='ocrx_word' id='word_1_193' title='bbox 1083 3079 1173 3120; x_wconf 84' lang='lat' dir='ltr'><strong>ornnes</strong></span> <span class='ocrx_word' id='word_1_194' title='bbox 1195 3069 1299 3120; x_wconf 84' lang='lat' dir='ltr'><strong>constat</strong></span> <span class='ocrx_word' id='word_1_195' title='bbox 1320 3059 1355 3119; x_wconf 75' lang='lat' dir='ltr'><strong>al</strong></span> 
     </span>
     <span class='ocr_line' id='line_1_27' title="bbox 287 3139 1355 3223; baseline -0.003 -20"><span class='ocrx_word' id='word_1_196' title='bbox 287 3139 499 3223; x_wconf 78' lang='grc' dir='ltr'>οἶὸηλοῖιμεν,</span> <span class='ocrx_word' id='word_1_197' title='bbox 520 3145 657 3212; x_wconf 84' lang='lat' dir='ltr'><strong>lectionem</strong></span> <span class='ocrx_word' id='word_1_198' title='bbox 679 3147 754 3202; x_wconf 89' lang='lat' dir='ltr'><strong>unice</strong></span> <span class='ocrx_word' id='word_1_199' title='bbox 774 3165 871 3215; x_wconf 88' lang='lat' dir='ltr'><strong>veram,</strong></span> <span class='ocrx_word' id='word_1_200' title='bbox 893 3145 1056 3204; x_wconf 79' lang='lat' dir='ltr'><strong>referendum</strong></span> <span class='ocrx_word' id='word_1_201' title='bbox 1078 3165 1148 3204; x_wconf 81' lang='lat' dir='ltr'><strong>esse.</strong></span> <span class='ocrx_word' id='word_1_202' title='bbox 1191 3144 1252 3202; x_wconf 86' lang='lat' dir='ltr'><strong>Duo</strong></span> <span class='ocrx_word' id='word_1_203' title='bbox 1273 3147 1355 3220; x_wconf 81' lang='lat' dir='ltr'><strong>igitur</strong></span> 
     </span>
     <span class='ocr_line' id='line_1_28' title="bbox 288 3221 1356 3288; baseline -0.004 -1"><span class='ocrx_word' id='word_1_204' title='bbox 288 3227 450 3287; x_wconf 73' lang='lat' dir='ltr'><strong>scholiastae</strong></span> <span class='ocrx_word' id='word_1_205' title='bbox 471 3229 600 3284; x_wconf 85' lang='lat' dir='ltr'><strong>scribendi</strong></span> <span class='ocrx_word' id='word_1_206' title='bbox 622 3236 722 3284; x_wconf 87' lang='lat' dir='ltr'><strong>tantum</strong></span> <span class='ocrx_word' id='word_1_207' title='bbox 745 3233 846 3288; x_wconf 90' lang='lat' dir='ltr'><strong>ratione</strong></span> <span class='ocrx_word' id='word_1_208' title='bbox 860 3229 992 3288; x_wconf 83' lang='lat' dir='ltr'><strong>differunt.</strong></span> <span class='ocrx_word' id='word_1_209' title='bbox 1036 3229 1177 3288; x_wconf 75' lang='lat' dir='ltr'><strong>Senator</strong></span> <span class='ocrx_word' id='word_1_210' title='bbox 1199 3235 1268 3284; x_wconf 81' lang='lat' dir='ltr'><strong>certe</strong></span> <span class='ocrx_word' id='word_1_211' title='bbox 1290 3221 1356 3284; x_wconf 82' lang='grc' dir='ltr'><strong>τῶν</strong></span> 
     </span>
    </p>
   </div>
   <div class='ocr_carea' id='block_1_12' title="bbox 203 3309 1417 3466">
    <p class='ocr_par' dir='ltr' id='par_1_12' title="bbox 203 3309 1496 3484">
     <span class='ocr_line' id='line_1_29' title="bbox 203 3309 1356 3409; baseline -0.001 -42"><span class='ocrx_word' id='word_1_212' title='bbox 203 3310 210 3316; x_wconf 80' lang='grc'><strong>’</strong></span> <span class='ocrx_word' id='word_1_213' title='bbox 287 3313 369 3409; x_wconf 78' lang='lat' dir='ltr'><strong>legit,</strong></span> <span class='ocrx_word' id='word_1_214' title='bbox 391 3309 490 3383; x_wconf 78' lang='lat' dir='ltr'><strong>quod&#39;</strong></span> <span class='ocrx_word' id='word_1_215' title='bbox 483 3327 511 3362; x_wconf 92' lang='grc' dir='ltr'><strong>ιιι</strong></span> <span class='ocrx_word' id='word_1_216' title='bbox 531 3310 606 3364; x_wconf 80' lang='lat' dir='ltr'><strong>libris</strong></span> <span class='ocrx_word' id='word_1_217' title='bbox 628 3317 670 3364; x_wconf 89' lang='lat' dir='ltr'><strong>est</strong></span> <span class='ocrx_word' id='word_1_218' title='bbox 692 3315 820 3378; x_wconf 84' lang='lat' dir='ltr'><strong>omnibus,</strong></span> <span class='ocrx_word' id='word_1_219' title='bbox 843 3313 980 3368; x_wconf 78' lang='lat' dir='ltr'><strong>damnatur</strong></span> <span class='ocrx_word' id='word_1_220' title='bbox 1001 3332 1064 3368; x_wconf 82' lang='lat' dir='ltr'><strong>vero</strong></span> <span class='ocrx_word' id='word_1_221' title='bbox 1087 3315 1119 3367; x_wconf 83' lang='lat' dir='ltr'><strong>ab</strong></span> <span class='ocrx_word' id='word_1_222' title='bbox 1133 3311 1271 3385; x_wconf 81' lang='lat' dir='ltr'><strong>Elmslejo,</strong></span> <span class='ocrx_word' id='word_1_223' title='bbox 1294 3313 1356 3384; x_wconf 82' lang='lat' dir='ltr'><strong>quia</strong></span> 
     </span>
     <span class='ocr_line' id='line_1_30' title="bbox 287 3389 1417 3466; baseline -0.002 -18"><span class='ocrx_word' id='word_1_224' title='bbox 287 3399 318 3457; x_wconf 86' lang='lat' dir='ltr'><strong>in</strong></span> <span class='ocrx_word' id='word_1_225' title='bbox 339 3393 466 3448; x_wconf 88' lang='lat' dir='ltr'><strong>trimetris</strong></span> <span class='ocrx_word' id='word_1_226' title='bbox 483 3389 604 3463; x_wconf 87' lang='lat' dir='ltr'><strong>jambicis</strong></span> <span class='ocrx_word' id='word_1_227' title='bbox 625 3391 753 3444; x_wconf 85' lang='lat' dir='ltr'><strong>articulus</strong></span> <span class='ocrx_word' id='word_1_228' title='bbox 774 3411 821 3464; x_wconf 85' lang='lat' dir='ltr'><strong>pro</strong></span> <span class='ocrx_word' id='word_1_229' title='bbox 843 3413 918 3466; x_wconf 87' lang='lat' dir='ltr'><strong>pron.</strong></span> <span class='ocrx_word' id='word_1_230' title='bbox 941 3395 1018 3447; x_wconf 82' lang='lat' dir='ltr'><strong>relat.</strong></span> <span class='ocrx_word' id='word_1_231' title='bbox 1032 3412 1085 3447; x_wconf 86' lang='lat' dir='ltr'><strong>non</strong></span> <span class='ocrx_word' id='word_1_232' title='bbox 1096 3397 1252 3459; x_wconf 76' lang='lat' dir='ltr'><strong>usurpetur</strong></span> <span class='ocrx_word' id='word_1_233' title='bbox 1269 3410 1355 3462; x_wconf 74' lang='lat' dir='ltr'><strong>quare</strong></span> <span class='ocrx_word' id='word_1_234' title='bbox 1411 3399 1417 3404; x_wconf 87' lang='lat'>&#39;</span> 
     </span>
    </p>
   </div>
   <div class='ocr_carea' id='block_1_13' title="bbox 227 3459 1358 3800">
    <p class='ocr_par' dir='ltr' id='par_1_13' title="bbox 227 3459 1358 3800">
     <span class='ocr_line' id='line_1_31' title="bbox 288 3459 1354 3568; baseline -0.004 -36"><span class='ocrx_word' id='word_1_235' title='bbox 288 3475 333 3536; x_wconf 83' lang='lat' dir='ltr'><strong>bio</strong></span> <span class='ocrx_word' id='word_1_236' title='bbox 353 3459 417 3540; x_wconf 64' lang='lat' dir='ltr'><strong>oio,</strong></span> <span class='ocrx_word' id='word_1_237' title='bbox 438 3471 530 3528; x_wconf 87' lang='lat' dir='ltr'><strong>Herm.</strong></span> <span class='ocrx_word' id='word_1_238' title='bbox 552 3471 643 3528; x_wconf 91' lang='lat' dir='ltr'><strong>relicto</strong></span> <span class='ocrx_word' id='word_1_239' title='bbox 666 3472 793 3539; x_wconf 82' lang='lat' dir='ltr'><strong>articulo,</strong></span> <span class='ocrx_word' id='word_1_240' title='bbox 816 3477 867 3529; x_wconf 86' lang='lat' dir='ltr'><strong>etsi</strong></span> <span class='ocrx_word' id='word_1_241' title='bbox 889 3473 1036 3529; x_wconf 82' lang='lat' dir='ltr'><strong>dubitanter</strong></span> <span class='ocrx_word' id='word_1_242' title='bbox 1059 3463 1212 3568; x_wconf 76' lang='grc' dir='ltr'><strong><em>προςῖξαι</em></strong></span> <span class='ocrx_word' id='word_1_243' title='bbox 1233 3473 1354 3547; x_wconf 86' lang='lat' dir='ltr'><strong>conjecit,</strong></span> 
     </span>
     <span class='ocr_line' id='line_1_32' title="bbox 227 3556 1357 3632; baseline -0.004 -15"><span class='ocrx_word' id='word_1_244' title='bbox 227 3565 231 3572; x_wconf 82' lang='lat'><em>&#39;</em></span> <span class='ocrx_word' id='word_1_245' title='bbox 288 3558 398 3622; x_wconf 83' lang='lat' dir='ltr'><strong>credens</strong></span> <span class='ocrx_word' id='word_1_246' title='bbox 420 3557 536 3614; x_wconf 83' lang='lat' dir='ltr'><strong>fortasse</strong></span> <span class='ocrx_word' id='word_1_247' title='bbox 556 3556 594 3611; x_wconf 87' lang='lat' dir='ltr'><strong>ita</strong></span> <span class='ocrx_word' id='word_1_248' title='bbox 614 3558 725 3632; x_wconf 81' lang='lat' dir='ltr'><strong>priorem</strong></span> <span class='ocrx_word' id='word_1_249' title='bbox 747 3557 913 3631; x_wconf 84' lang='lat' dir='ltr'><strong>interpretem</strong></span> <span class='ocrx_word' id='word_1_250' title='bbox 935 3557 989 3612; x_wconf 81' lang='lat' dir='ltr'><strong>leo·</strong></span> <span class='ocrx_word' id='word_1_251' title='bbox 962 3574 1047 3631; x_wconf 76' lang='lat' dir='ltr'><strong>g,rsm</strong></span> <span class='ocrx_word' id='word_1_252' title='bbox 1069 3557 1144 3631; x_wconf 87' lang='lat' dir='ltr'><strong>cujus</strong></span> <span class='ocrx_word' id='word_1_253' title='bbox 1166 3557 1357 3614; x_wconf 78' lang='lat' dir='ltr'><strong>enarrationem</strong></span> 
     </span>
     <span class='ocr_line' id='line_1_33' title="bbox 287 3637 1358 3720; baseline -0.004 -20"><span class='ocrx_word' id='word_1_254' title='bbox 287 3663 368 3720; x_wconf 85' lang='lat' dir='ltr'><strong>supra</strong></span> <span class='ocrx_word' id='word_1_255' title='bbox 395 3642 591 3715; x_wconf 82' lang='lat' dir='ltr'><strong>descripsimus.</strong></span> <span class='ocrx_word' id='word_1_256' title='bbox 635 3637 689 3696; x_wconf 81' lang='lat' dir='ltr'><strong>set</strong></span> <span class='ocrx_word' id='word_1_257' title='bbox 718 3658 802 3715; x_wconf 89' lang='lat' dir='ltr'><strong>neque</strong></span> <span class='ocrx_word' id='word_1_258' title='bbox 834 3639 890 3696; x_wconf 94' lang='lat' dir='ltr'><strong>hoc</strong></span> <span class='ocrx_word' id='word_1_259' title='bbox 911 3646 999 3716; x_wconf 88' lang='lat' dir='ltr'><strong>potest</strong></span> <span class='ocrx_word' id='word_1_260' title='bbox 1025 3641 1127 3716; x_wconf 81' lang='lat' dir='ltr'><strong>colligi,</strong></span> <span class='ocrx_word' id='word_1_261' title='bbox 1152 3658 1236 3714; x_wconf 86' lang='lat' dir='ltr'><strong>neque</strong></span> <span class='ocrx_word' id='word_1_262' title='bbox 1264 3640 1358 3715; x_wconf 83' lang='lat' dir='ltr'><strong>regula</strong></span> 
     </span>
     <span class='ocr_line' id='line_1_34' title="bbox 288 3721 1356 3800; baseline -0.004 -14"><span class='ocrx_word' id='word_1_263' title='bbox 288 3728 337 3786; x_wconf 87' lang='lat' dir='ltr'><strong>illa</strong></span> <span class='ocrx_word' id='word_1_264' title='bbox 362 3726 447 3786; x_wconf 82' lang='lat' dir='ltr'><strong>adhue</strong></span> <span class='ocrx_word' id='word_1_265' title='bbox 479 3723 513 3781; x_wconf 76' lang='lat' dir='ltr'><strong>ael</strong></span> <span class='ocrx_word' id='word_1_266' title='bbox 542 3723 668 3800; x_wconf 84' lang='lat' dir='ltr'><strong>liquidum</strong></span> <span class='ocrx_word' id='word_1_267' title='bbox 701 3730 743 3780; x_wconf 83' lang='lat' dir='ltr'><strong>est</strong></span> <span class='ocrx_word' id='word_1_268' title='bbox 771 3723 904 3799; x_wconf 86' lang='lat' dir='ltr'><strong>perducta.</strong></span> <span class='ocrx_word' id='word_1_269' title='bbox 957 3721 1027 3782; x_wconf 86' lang='lat' dir='ltr'><strong>Nam</strong></span> <span class='ocrx_word' id='word_1_270' title='bbox 1053 3743 1130 3799; x_wconf 86' lang='lat' dir='ltr'><strong>quum</strong></span> <span class='ocrx_word' id='word_1_271' title='bbox 1160 3721 1305 3798; x_wconf 83' lang='lat' dir='ltr'><strong>Sophocles</strong></span> <span class='ocrx_word' id='word_1_272' title='bbox 1325 3728 1356 3782; x_wconf 80' lang='lat' dir='ltr'><strong>in</strong></span> 
     </span>
    </p>
   </div>
   <div class='ocr_carea' id='block_1_14' title="bbox 290 3805 1496 3883">
    <p class='ocr_par' dir='ltr' id='par_1_14' title="bbox 290 3805 1496 3883">
     <span class='ocr_line' id='line_1_35' title="bbox 290 3805 1496 3883; baseline -0.002 -15"><span class='ocrx_word' id='word_1_273' title='bbox 290 3815 398 3870; x_wconf 80' lang='lat' dir='ltr'><strong>canticis</strong></span> <span class='ocrx_word' id='word_1_274' title='bbox 419 3816 492 3868; x_wconf 81' lang='lat' dir='ltr'><strong>certe</strong></span> <span class='ocrx_word' id='word_1_275' title='bbox 512 3826 596 3883; x_wconf 85' lang='lat' dir='ltr'><strong>neque</strong></span> <span class='ocrx_word' id='word_1_276' title='bbox 617 3806 717 3864; x_wconf 84' lang='lat' dir='ltr'><strong>vitandi</strong></span> <span class='ocrx_word' id='word_1_277' title='bbox 737 3805 827 3865; x_wconf 85' lang='lat' dir='ltr'><strong>hiatus</strong></span> <span class='ocrx_word' id='word_1_278' title='bbox 854 3827 950 3875; x_wconf 86' lang='lat' dir='ltr'><strong>causa,</strong></span> <span class='ocrx_word' id='word_1_279' title='bbox 979 3827 1061 3882; x_wconf 85' lang='lat' dir='ltr'><strong>neque</strong></span> <span class='ocrx_word' id='word_1_280' title='bbox 1084 3809 1200 3878; x_wconf 82' lang='lat' dir='ltr'><strong>syllabae</strong></span> <span class='ocrx_word' id='word_1_281' title='bbox 1222 3811 1355 3882; x_wconf 81' lang='lat' dir='ltr'><strong>positione</strong></span> <span class='ocrx_word' id='word_1_282' title='bbox 1413 3839 1418 3842; x_wconf 96' lang='lat'>·</span> <span class='ocrx_word' id='word_1_283' title='bbox 1495 3815 1496 3848; x_wconf 67' lang='lat' dir='ltr'><strong>l</strong></span> 
     </span>
    </p>
   </div>
   <div class='ocr_carea' id='block_1_15' title="bbox 288 3885 1355 4306">
    <p class='ocr_par' dir='ltr' id='par_1_15' title="bbox 288 3885 1355 4306">
     <span class='ocr_line' id='line_1_36' title="bbox 288 3885 1354 3970; baseline -0.004 -17.927"><span class='ocrx_word' id='word_1_284' title='bbox 288 3893 469 3970; x_wconf 55' lang='lat' dir='ltr'><strong>producendae</strong></span> <span class='ocrx_word' id='word_1_285' title='bbox 491 3895 576 3968; x_wconf 83' lang='lat' dir='ltr'><strong>gratia</strong></span> <span class='ocrx_word' id='word_1_286' title='bbox 601 3892 711 3949; x_wconf 86' lang='lat' dir='ltr'><strong>articulo</strong></span> <span class='ocrx_word' id='word_1_287' title='bbox 739 3911 785 3966; x_wconf 89' lang='lat' dir='ltr'><strong>pro</strong></span> <span class='ocrx_word' id='word_1_288' title='bbox 807 3911 881 3968; x_wconf 84' lang='lat' dir='ltr'><strong>pron.</strong></span> <span class='ocrx_word' id='word_1_289' title='bbox 903 3894 978 3949; x_wconf 90' lang='lat' dir='ltr'><strong>relat</strong></span> <span class='ocrx_word' id='word_1_290' title='bbox 1000 3899 1065 3948; x_wconf 86' lang='lat' dir='ltr'><strong>usus</strong></span> <span class='ocrx_word' id='word_1_291' title='bbox 1087 3895 1137 3961; x_wconf 87' lang='lat' dir='ltr'><strong>sit,</strong></span> <span class='ocrx_word' id='word_1_292' title='bbox 1166 3885 1214 3967; x_wconf 85' lang='lat' dir='ltr'><strong>(cf.</strong></span> <span class='ocrx_word' id='word_1_293' title='bbox 1238 3889 1271 3948; x_wconf 91' lang='grc'><strong>0.</strong></span> <span class='ocrx_word' id='word_1_294' title='bbox 1294 3891 1354 3948; x_wconf 83' lang='lat' dir='ltr'><strong>col.</strong></span> 
     </span>
     <span class='ocr_line' id='line_1_37' title="bbox 289 3933 1353 4052; baseline -0.006 -14"><span class='ocrx_word' id='word_1_295' title='bbox 289 3972 362 4038; x_wconf 82' lang='grc'><strong>762.</strong></span> <span class='ocrx_word' id='word_1_296' title='bbox 395 3975 459 4033; x_wconf 83' lang='lat' dir='ltr'><strong>Ant</strong></span> <span class='ocrx_word' id='word_1_297' title='bbox 488 3970 579 4035; x_wconf 82' lang='grc'><strong>1136.</strong></span> <span class='ocrx_word' id='word_1_298' title='bbox 609 3975 680 4033; x_wconf 89' lang='lat' dir='ltr'><strong>Phil.</strong></span> <span class='ocrx_word' id='word_1_299' title='bbox 705 3968 777 4034; x_wconf 82' lang='grc'><strong>709.</strong></span> <span class='ocrx_word' id='word_1_300' title='bbox 806 3970 896 4035; x_wconf 88' lang='grc'><strong>1127</strong></span> <span class='ocrx_word' id='word_1_301' title='bbox 916 3973 966 4052; x_wconf 78' lang='lat' dir='ltr'><strong>Aj.</strong></span> <span class='ocrx_word' id='word_1_302' title='bbox 989 3969 1061 4034; x_wconf 84' lang='grc'><strong>226.</strong></span> <span class='ocrx_word' id='word_1_303' title='bbox 1083 3933 1169 4050; x_wconf 85' lang='grc'><strong>266.)</strong></span> <span class='ocrx_word' id='word_1_304' title='bbox 1199 3993 1257 4032; x_wconf 89' lang='lat' dir='ltr'><strong>eum</strong></span> <span class='ocrx_word' id='word_1_305' title='bbox 1280 3973 1353 4032; x_wconf 79' lang='lat' dir='ltr'><strong>anbi-</strong></span> 
     </span>
     <span class='ocr_line' id='line_1_38' title="bbox 290 4060 1354 4136; baseline -0.005 -15"><span class='ocrx_word' id='word_1_306' title='bbox 290 4063 376 4122; x_wconf 88' lang='lat' dir='ltr'><strong>buerit</strong></span> <span class='ocrx_word' id='word_1_307' title='bbox 404 4067 489 4116; x_wconf 89' lang='lat' dir='ltr'><strong>uutem</strong></span> <span class='ocrx_word' id='word_1_308' title='bbox 516 4079 562 4134; x_wconf 79' lang='lat' dir='ltr'><strong>pro</strong></span> <span class='ocrx_word' id='word_1_309' title='bbox 590 4079 663 4136; x_wconf 78' lang='lat' dir='ltr'><strong>[non</strong></span> <span class='ocrx_word' id='word_1_310' title='bbox 687 4061 762 4117; x_wconf 55' lang='lat' dir='ltr'><strong>relati</strong></span> <span class='ocrx_word' id='word_1_311' title='bbox 792 4065 818 4118; x_wconf 92' lang='lat' dir='ltr'><strong>in</strong></span> <span class='ocrx_word' id='word_1_312' title='bbox 840 4061 984 4130; x_wconf 65' lang='lat' dir='ltr'><strong>boemiis,</strong></span> <span class='ocrx_word' id='word_1_313' title='bbox 1006 4062 1095 4117; x_wconf 88' lang='lat' dir='ltr'><strong>nescio</strong></span> <span class='ocrx_word' id='word_1_314' title='bbox 1110 4077 1152 4116; x_wconf 89' lang='lat' dir='ltr'><strong>an</strong></span> <span class='ocrx_word' id='word_1_315' title='bbox 1172 4077 1235 4116; x_wconf 86' lang='lat' dir='ltr'><strong>caru</strong></span> <span class='ocrx_word' id='word_1_316' title='bbox 1255 4060 1354 4116; x_wconf 82' lang='lat' dir='ltr'><strong>factum</strong></span> 
     </span>
     <span class='ocr_line' id='line_1_39' title="bbox 291 4141 1355 4220; baseline -0.003 -17"><span class='ocrx_word' id='word_1_317' title='bbox 291 4149 336 4214; x_wconf 80' lang='lat' dir='ltr'><strong>sit,</strong></span> <span class='ocrx_word' id='word_1_318' title='bbox 358 4150 387 4200; x_wconf 90' lang='lat' dir='ltr'><strong>ut</strong></span> <span class='ocrx_word' id='word_1_319' title='bbox 408 4149 469 4219; x_wconf 84' lang='lat' dir='ltr'><strong>post</strong></span> <span class='ocrx_word' id='word_1_320' title='bbox 490 4153 675 4201; x_wconf 86' lang='lat' dir='ltr'><strong>consonantem</strong></span> <span class='ocrx_word' id='word_1_321' title='bbox 698 4148 798 4200; x_wconf 81' lang='lat' dir='ltr'><strong>corbis</strong></span> <span class='ocrx_word' id='word_1_322' title='bbox 817 4151 925 4219; x_wconf 32' lang='lat' dir='ltr'><strong>*septem</strong></span> <span class='ocrx_word' id='word_1_323' title='bbox 956 4147 993 4200; x_wconf 86' lang='grc' dir='ltr'><strong>ἰι</strong></span> <span class='ocrx_word' id='word_1_324' title='bbox 1010 4141 1155 4220; x_wconf 77' lang='lat' dir='ltr'><strong>tragoediis</strong></span> <span class='ocrx_word' id='word_1_325' title='bbox 1176 4144 1279 4218; x_wconf 81' lang='lat' dir='ltr'><strong>positus</strong></span> <span class='ocrx_word' id='word_1_326' title='bbox 1302 4160 1355 4200; x_wconf 91' lang='lat' dir='ltr'><strong>non</strong></span> 
     </span>
     <span class='ocr_line' id='line_1_40' title="bbox 292 4226 1354 4306; baseline -0.004 -18"><span class='ocrx_word' id='word_1_327' title='bbox 292 4229 439 4294; x_wconf 83' lang='lat' dir='ltr'><strong>inveniatur</strong></span> <span class='ocrx_word' id='word_1_328' title='bbox 459 4229 511 4284; x_wconf 85' lang='lat' dir='ltr'><strong>nisi</strong></span> <span class='ocrx_word' id='word_1_329' title='bbox 533 4230 560 4288; x_wconf 86' lang='lat' dir='ltr'><strong>in</strong></span> <span class='ocrx_word' id='word_1_330' title='bbox 582 4231 699 4290; x_wconf 86' lang='lat' dir='ltr'><strong>canticis.</strong></span> <span class='ocrx_word' id='word_1_331' title='bbox 743 4229 837 4287; x_wconf 87' lang='lat' dir='ltr'><strong>Potius</strong></span> <span class='ocrx_word' id='word_1_332' title='bbox 864 4247 896 4287; x_wconf 85' lang='grc' dir='ltr'><strong>ιι</strong></span> <span class='ocrx_word' id='word_1_333' title='bbox 918 4227 1062 4306; x_wconf 83' lang='lat' dir='ltr'><strong>Sophocles</strong></span> <span class='ocrx_word' id='word_1_334' title='bbox 1091 4226 1194 4304; x_wconf 83' lang='lat' dir='ltr'><strong>quidem</strong></span> <span class='ocrx_word' id='word_1_335' title='bbox 1214 4229 1354 4304; x_wconf 79' lang='lat' dir='ltr'><strong>pristinum</strong></span> 
     </span>
    </p>
   </div>
   <div class='ocr_carea' id='block_1_16' title="bbox 0 0 1504 5166">
    <p class='ocr_par' dir='ltr' id='par_1_16' title="bbox 0 0 1504 5166">
     <span class='ocr_line' id='line_1_41' title="bbox 0 0 1504 5166; baseline 0 0"><span class='ocrx_word' id='word_1_336' title='bbox 0 0 1504 5166; x_wconf 95' lang='lat' dir='ltr'><strong> </strong></span> 
     </span>
    </p>
   </div>
  </div>
 </body>
</html>
