3032 5168
575 691 779 764 oneum
794 686 1140 804 succursum.

341 858 407 924 DE
439 857 645 928 tutotuto
682 855 992 1022 PlthcC'ggssssl
1027 857 1362 926 scfluutotttlm

402 1165 526 1224 Veterum
549 1163 672 1229 huorono,
694 1173 761 1236 quos
783 1164 964 1238 cognorimus,
985 1165 1153 1238 interpretum
1175 1167 1283 1224 alterum
1306 1168 1382 1224 crerlo

320 1252 404 1326 ipsum
434 1251 520 1306 fuisse
548 1245 699 1322 Dirlymmn.
740 1243 841 1302 Notum
871 1253 926 1312 est,
954 1245 1025 1303 hunc
1053 1252 1248 1324 grammaticum
1279 1260 1384 1327 propter·

320 1336 430 1390 ferreum
465 1333 540 1405 qnasi
567 1329 722 1387 industriam
751 1327 918 1386 Chalcenteri
944 1349 1038 1388 nornen
1071 1335 1203 1408 occepisse
1232 1333 1284 1405 (cf.
1307 1335 1382 1394 Soirl.

320 1438 346 1475 r.
370 1409 516 1492 Δίδυμος
544 1423 571 1471 et
600 1411 686 1473 Arum.
709 1411 792 1470 Marc.
814 1409 867 1472 22.
890 1408 941 1474 16.
965 1408 1041 1486 llll:
1071 1419 1177 1492 scripsit
1198 1421 1266 1476 enim
1288 1412 1382 1480 3500.

319 1497 431 1570 (Athen.
446 1490 477 1557 4.
499 1519 526 1574 p.
552 1491 619 1558 139.
641 1489 681 1571 c.)
701 1497 757 1566 rel,
780 1495 894 1554 Senecae
916 1497 990 1574 (epp.
1000 1491 1069 1573 88.)
1091 1503 1114 1557 si
1138 1501 1275 1570 crediturus,
1298 1495 1384 1562 4000

323 1585 413 1643 libros.
455 1578 631 1638 Alexandriae
660 1586 738 1638 natus
766 1588 860 1656 postea
885 1579 996 1652 Romam
1023 1587 1145 1660 migravit
1173 1593 1200 1644 et
1225 1605 1241 1642 a
1268 1586 1383 1645 Caesare

319 1665 457 1724 Dictatore
485 1685 567 1742 usque
589 1665 623 1722 erl
644 1661 791 1742 Augustum
813 1663 998 1746 imperatorem
1019 1667 1124 1738 floruit3
1153 1674 1259 1748 egitque
1288 1670 1322 1728 de
1350 1691 1381 1728 co

321 1753 356 1811 G.
377 1749 402 1808 J.
425 1750 538 1808 Vossius
562 1749 594 1808 de
615 1748 679 1808 hist.
702 1749 799 1806 Graec.
820 1747 844 1808 Ι.
866 1741 919 1808 24.

405 1834 482 1892 llunc
508 1838 588 1912 igitur
614 1833 748 1891 hominum
775 1831 910 1890 doctorum
937 1836 1053 1912 plerique
1073 1837 1240 1914 principalem
1262 1836 1383 1896 ridentur

319 1915 478 1975 scholiorum
501 1917 640 1993 Sophoclis
667 1917 766 1974 sociem
790 1915 903 1986 hahere,
930 1921 1003 1978 velut
1030 1923 1057 1977 in
1083 1925 1232 1978 universum
1254 1921 1381 1978 Bernhar-

320 2001 380 2058 dius
402 2005 429 2058 in
449 2001 514 2060 hist.
536 2001 588 2058 litt.
611 2001 705 2057 Graec.
727 1998 749 2060 1.
770 2019 796 2074 p.
817 1994 890 2061 386.
913 2002 963 2058 eit:
996 1997 1075 2060 Eine
1100 1999 1297 2076 weltlt't'ttstiqc
1323 1999 1382 2060 Re-

319 2081 447 2144 tlttclt'ott
467 2097 526 2143 aits
545 2079 675 2142 solchem
685 2077 838 2144 Nachlttss
859 2091 986 2158 (seierum
1002 2083 1242 2158 hypomnematnm)
1263 2081 1382 2142 mathie

319 2163 491 2244 Didymus,
513 2164 561 2228 elie
581 2161 672 2228 Bosis
693 2164 770 2226 oller
789 2164 934 2246 [eruerem
954 2161 1154 2227 Scholiasterc.
1196 2165 1297 2222 Tamen
1320 2169 1381 2240 qnia

320 2253 405 2307 obiter
425 2258 525 2308 tantum
547 2252 595 2307 illa
622 2255 752 2310 sententia
778 2250 864 2309 atlhuc
890 2256 1057 2327 pronuntiata
1077 2258 1133 2319 est,
1155 2255 1182 2306 et
1203 2251 1234 2307 ab
1256 2248 1380 2310 Richtero

321 2354 439 2410 qnoque,
460 2339 505 2410 qui
525 2343 672 2410 postremus
695 2335 727 2392 de
749 2355 781 2392 ea
802 2335 953 2412 disputavit,
974 2339 1062 2411 posita
1083 2336 1184 2412 magis,
1206 2354 1283 2410 quam
1305 2353 1380 2410 argu·

317 2422 415 2475 mentis
445 2428 486 2476 est
515 2418 707 2489 demonstrata,
734 2420 835 2477 iacere
851 2439 904 2476 nou
928 2423 1019 2496 potui,
1046 2422 1108 2496 quin
1136 2422 1266 2496 ingratum
1288 2437 1382 2475 nrunus

319 2499 460 2579 probandi,
483 2501 515 2560 de
537 2522 587 2578 quo
609 2504 713 2580 plurimi
734 2523 767 2561 ne
795 2504 942 2564 dubitarent
964 2503 1081 2580 quidem,
1103 2506 1131 2560 in
1153 2522 1194 2560 me
1215 2506 1382 2579 susciperem.

405 2587 494 2645 Octies
522 2587 653 2659 Didymus
682 2591 710 2645 in
739 2587 849 2644 scholiis
879 2592 978 2644 nostris
1007 2594 1232 2644 commemoratur.
1283 2585 1320 2650 Et
1350 2583 1383 2644 ml

318 2667 410 2748 Anllg.
431 2691 457 2730 v.
471 2663 528 2749 2⁴15.
550 2672 653 2747 quidem
677 2670 746 2744 qrrod
768 2676 924 2725 annotaturr
947 2661 1094 2743 Δίδυμος
1115 2661 1152 2722 δὲ
1175 2683 1211 2747 φ.
1232 2660 1296 2726 0πὸ
1309 2659 1405 2736 τῶν*

317 2745 622 2832 ὑπομνηματισνῶν
635 2745 703 2811 ’τόν
723 2742 796 2820 ἑξῆς
816 2740 929 2828 στίχον
949 2744 1200 2823 peremturum,
1221 2750 1249 2808 id
1270 2751 1383 2810 dilucide

291 2840 458 2914 patefacit,
485 2837 624 2912 Sophoclis
650 2834 823 2902 scholiastes,
850 2851 922 2909 ‚quos
947 2851 1016 2890 nunc
1041 2832 1198 2902 habeamus,
1225 2853 1279 2908 non
1307 2840 1382 2911 ipsos

319 2931 421 2980 veteres
442 2922 505 2981 illos
527 2921 728 2978 commentarios
749 2917 907 2992 inspexisse,
929 2914 978 2973 sed
998 2935 1013 2972 e
1033 2915 1148 2987 Didymo
1171 2924 1272 2976 tantum
1293 2923 1382 2995 cogui-

319 3014 362 3062 tos
393 3006 528 3064 hahuisse.
572 3003 622 3060 Cui
651 3005 688 3060 rei
715 3002 819 3058 obstare
849 2998 968 3055 rideatur
995 2998 1080 3060 schol.
1102 2999 1135 3056 ed
1158 2999 1191 3062 0.
1213 3001 1273 3062 Col.
1294 2997 1382 3063 232:

326 3083 373 3147 Τὸ
396 3085 453 3162 τῆς
473 3077 663 3164 Ἀντιγόνης
684 3073 857 3164 πρόςωπον
878 3073 960 3141 ὅλον
983 3076 1042 3140 καὶ
1064 3077 1124 3140 τοῦ
1136 3078 1247 3162 Χοροῦ
1267 3077 1308 3142 τὸ
1331 3101 1383 3142 re-

321 3163 501 3248 τράστιχον
527 3165 740 3230 &restrictae
754 3203 863 3225 ......
888 3157 994 3227 Ου’ὃὲν
1019 3162 1055 3226 δὲ
1082 3159 1118 3226 ἰν
1143 3165 1215 3235 τοῖς
1236 3159 1384 3245 Alcitheon

321 3242 443 3310 τούτων
464 3247 647 3326 &fiel-coitio
667 3242 814 3331 εὕρομεν.
857 3249 910 3308 Hic
935 3255 1016 3328 igitur
1036 3250 1166 3321 Didymus
1187 3255 1282 3310 cereris
1303 3256 1382 3308 inter·

321 3337 438 3410 pretibus
461 3339 614 3409 opponitur,
645 3346 671 3392 et
696 3335 942 3413 hypomnematistis
970 3333 1089 3408 quidem,
1122 3355 1138 3391 a
1168 3338 1261 3409 quihus
1291 3335 1381 3392 obelos

322 3419 386 3475 illos
407 3419 539 3493 profectos
562 3437 621 3475 esse
644 3440 719 3495 quum
742 3421 804 3475 aliis
825 3417 939 3486 iudiciis,
955 3428 1008 3473 tum
1025 3420 1067 3474 rel
1089 3439 1123 3474 ex
1143 3421 1202 3493 ipso
1222 3418 1383 3493 glossemate

322 3501 357 3559 ml
378 3499 440 3562 Ant.
462 3493 514 3560 45.
536 3508 728 3578 cognosciturus.
772 3500 824 3557 Sed
847 3518 879 3556 ne
902 3499 952 3556 duo
974 3503 1021 3557 illa
1036 3501 1137 3558 scholia
1153 3521 1240 3557 secum
1258 3509 1381 3576 pugnent,

322 3587 435 3644 «liversis
458 3588 534 3643 tribul
556 3590 660 3662 possint
682 3585 848 3648 auctoribus,
877 3602 984 3657 quorum
1006 3586 1071 3641 alter
1092 3585 1293 3662 hypomnemota
1313 3582 1382 3660 le'ge·

322 3675 371 3742 rit,
393 3673 460 3729 alter
488 3691 540 3728 non
568 3671 674 3746 legerit3
704 3675 731 3723 at
760 3670 817 3740 quis
839 3663 889 3722 lroc
910 3665 1013 3736 credat,
1036 3672 1079 3743 qui
1100 3687 1227 3726 smnmum
1248 3670 1384 3743 utriusque

324 3759 504 3813 annotationis
527 3763 627 3830 spectet
649 3749 864 3808 similitudineml
896 3751 925 3807 lu
947 3760 1056 3828 utreque
1086 3751 1214 3810 ethelesis
1242 3762 1285 3810 est
1305 3757 1382 3808 inter·-

289 3859 295 3878 ν
323 3847 438 3913 pretum,
459 3844 487 3896 irr
508 3848 617 3913 utraque
639 3835 673 3893 ml
693 3833 834 3904 Didymum
856 3843 1020 3911 prouocatur.
1053 3835 1106 3892 Set
1128 3835 1191 3911 quid
1211 3835 1314 3894 tarrtleru
1336 3840 1383 3892 im·

324 3920 411 3993 petit,
449 3927 587 3996 quominus
618 3921 727 3978 alterum
761 3937 864 3993 quoque
901 3917 1030 3975 scholium
1066 3919 1181 3988 Didymo
1218 3921 1383 3975 trihuaums'l

323 4003 420 4060 Nonne
440 4003 570 4072 Ilitlynrus
592 4015 699 4063 nutasse
722 4002 825 4078 quidem
847 4009 949 4079 potest,
975 4000 1199 4060 meliloto.
1221 4001 1292 4058 laud.
1314 4002 1384 4069 fecit,

324 4089 356 4142 ab
372 4089 553 4160 interpretibus
573 4091 653 4145 rerba
673 4089 721 4146 illc
733 4085 857 4163 Sophocli
878 4103 939 4144 esse
957 4082 1112 4158 abjudicato,
1132 4102 1209 4156 quum
1227 4086 1284 4158 ipse
1299 4089 1384 4142 taureu

326 4170 428 4226 obelum
450 4169 524 4223 libris
545 4173 601 4226 suis
622 4189 674 4228 non
696 4173 854 4246 appingeret‚
877 4170 1003 4242 appictum
1027 4168 1084 4222 sine
1105 4164 1183 4222 (lrrbio
1203 4167 1246 4222 vel
1261 4169 1290 4222 in
1311 4167 1386 4226 libris

326 4274 343 4310 a
363 4250 477 4322 Didymo
499 4255 637 4310 recensitis
657 4253 690 4310 acl
707 4251 769 4315 tor.
784 4245 854 4312 45st
876 4250 913 4306 ut
934 4246 994 4306 inde
1015 4255 1069 4306 tum
1091 4253 1220 4308 recentior·
1241 4250 1385 4310 scholiasta
