3026 5174
343 440 367 510 Θ

344 618 458 696 speciem
480 619 504 673 is
526 616 645 694 pr,aelret
676 617 721 691 qui
741 619 864 673 ιιιιιοιιι.
887 605 928 674 oti
950 610 1073 678 δεῖ..
1087 610 1320 693 .ὖποθε’σεοις
1359 621 1412 684 set

344 701 410 760 haee
440 706 575 759 annotatio
601 703 724 776 qnoniam
752 697 787 756 ad
815 706 897 758 totam
925 706 1082 766 sententiam
1109 710 1235 781 pertinet,
1269 710 1300 766 ab
1329 709 1411 768 altero
1486 718 1489 726 '

345 805 449 855 eorum,
473 789 517 862 qui
539 803 630 844 rocem
652 773 894 864 ἐμασχαλίσθη
922 787 1085 862 explicantes
1112 807 1177 848 voce
1199 783 1310 862 ἄλλως
1330 793 1412 851 atltlu·

345 879 452 938 cuntur,
478 872 611 963 proiecta
622 887 682 925 csse
710 876 815 964 potest,
843 870 875 924 ab
904 869 1050 945 iisdemque
1072 892 1117 942 ea,
1148 893 1214 950 quae
1235 876 1317 939 atlr.
1338 869 1412 938 446.
1507 865 1508 898 ³

265 1011 271 1016 ,
347 954 478 1029 adscripta
504 953 538 1010 atl
568 942 659 1030 κάρα
687 931 830 1020 atti-iriae
855 939 1012 1028 ἒξὲμαξεν
1035 960 1157 1030 pertinet.
1200 959 1313 1019 Restant
1333 965 1414 1040 igitur

346 1038 398 1095 cluo
430 1036 591 1096 scholiastae
620 1037 785 1108 antiquitatis
814 1039 901 1110 specie
928 1035 1028 1106 intluti,
1057 1059 1125 1097 unus
1147 1047 1291 1112 recentior,
1318 1044 1412 1103 deinde

344 1131 497 1197 excerptor,
529 1120 639 1192 denique
661 1120 833 1192 epitonium,
856 1123 900 1194 qui
922 1129 1068 1198 excerptam
1090 1126 1331 1200 interpretationem
1354 1148 1414 1186 curu

346 1213 457 1280 antiqua
477 1221 523 1278 per
545 1194 581 1258 ὃὲ
603 1202 748 1277 conjunxit,
770 1210 905 1276 postremo
927 1204 1057 1274 librarius,
1097 1210 1132 1274 ui,
1151 1227 1228 1281 quum
1252 1209 1413 1268 scholiastae

345 1307 436 1346 ornnes
469 1275 626 1362 ἐξέμαξεν
652 1284 791 1354 haberent,
831 1287 929 1345 lemma
959 1226 1160 1366 fidissimi,
1191 1291 1262 1367 quod
1291 1293 1343 1350 La.
1371 1314 1412 1370 pr

344 1375 466 1448 praebet
489 1373 620 1445 apposuit.

428 1453 506 1509 Velut
534 1454 577 1509 liic
605 1452 657 1511 dno
691 1458 854 1514 vetustiores
879 1463 906 1512 et
938 1475 1007 1513 unus
1034 1461 1178 1528 recentior,
1212 1463 1252 1518 sic
1278 1460 1313 1517 atl
1343 1459 1412 1520 oet.

344 1537 403 1595 Col.
423 1531 493 1595 515.
516 1536 567 1594 duo
590 1542 748 1597 recentiores
770 1549 797 1596 et
817 1558 885 1598 unus
907 1545 1037 1600 vetustior
1059 1545 1187 1618 interpres
1210 1553 1412 1641 comppnuutur

248 1659 253 1668 .
342 1621 380 1676 Iti
399 1639 476 1695 quum
495 1623 554 1678 irini
573 1625 694 1680 obstante
710 1631 792 1680 metro
796 1626 965 1721 praebeant:
986 1617 1034 1703 μή
1050 1619 1133 1706 πρὸς
1149 1617 1258 1698 ξενίας
1278 1621 1413 1712 attolite

351 1697 420 1772 Τοῖς
441 1701 511 1774 ocia.
556 1697 752 1766 Hennae*
735 1725 795 1788 apy
796 1697 954 1803 ἀναιδιγ,
1507 1709 1508 1718 ’

341 1793 440 1864 prinus
457 1795 585 1886 interpres
600 1801 725 1851 annotat:
749 1783 814 1866 Mt}
834 1787 917 1873 πρὸς
933 1787 994 1866 τῆς
1012 1788 1074 1868 σῆς
1095 1784 1202 1866 ξενίας
1221 1786 1415 1879 ἅναπτύξης

342 1889 406 1974 μου
428 1868 471 1932 τοί
492 1868 656 1950 οίναιΰιγ”
640 1894 731 1954 εργα.
776 1877 859 1941 Quem
876 1879 1011 1956 Reisigius
1029 1877 1322 1955 llermauuusquorota
1337 1879 1414 1950 σᾶς,
1507 1943 1508 1950 ,

342 1947 366 2010 ὁὶ
393 1953 550 2028 πέπονθ’,
578 1954 721 2024 α’ναιδη,
751 1975 800 2029 ego
827 1978 890 2012 vero
921 1960 980 2024 τοῖς
1001 1959 1081 2026 σᾶς,
1109 1955 1354 2027 tntnoook'
1344 1955 1415 2041 ἔργ’

342 2031 468 2107 ἀναιδῆ
488 2041 587 2112 legisse
608 2037 730 2096 arbitror.
781 2035 860 2099 ticon
881 2042 905 2094 si
926 2057 1015 2094 verum
1038 2045 1087 2107 est,
1110 2045 1226 2096 servavit
1243 2044 1288 2097 ille
1309 2047 1413 2116 quidem

341 2123 422 2178 verba
460 2121 534 2177 libris
567 2122 725 2195 integriora,
764 2119 813 2176 setl
847 2139 938 2176 vocem
966 2111 1050 2214 ἔργα
1083 2127 1198 2178 numeris
1226 2125 1412 2200 refragantem,

344 2223 410 2280 quae
433 2207 490 2260 sine
513 2202 589 2259 dnbio
613 2205 833 2302 antiquissimag
818 2203 911 2258 olossa
936 2203 971 2260 ati
992 2193 1120 2275 αναιδῆ
1145 2217 1213 2274 erat,
1232 2208 1287 2283 jam
1310 2207 1411 2270 habuit.

343 2289 383 2345 Ab
405 2287 456 2343 hoc
481 2277 571 2364 perii
595 2275 699 2354 οὕτως
721 2287 787 2342 alter
808 2289 937 2380 ipterpres
953 2293 1096 2362 separatur,
1119 2298 1265 2348 annotans.
1287 2310 1334 2370 μη
1355 2310 1415 2362 τας
1507 2309 1508 2316 “

342 2363 522 2452 προξενίας
543 2386 602 2430 σου
623 2363 675 2427 ἐπὶ
699 2358 783 2446 ε’ργα
804 2358 927 2441 α’ναιόἧ
951 2365 1155 2457 καταγάγῃς.
1200 2373 1313 2436 (luem'
1301 2397 1357 2453 pam
1378 2377 1413 2436 Ρ

342 2425 487 2534 Elrnslejus
510 2454 694 2514 animadvertit
716 2442 892 2530 προξενίας
913 2455 1013 2532 legisse
1040 2477 1096 2514 cum
1109 2434 1178 2521 coti.
1200 2457 1281 2518 Farn.
1305 2469 1332 2518 et
1354 2453 1416 2530 τοὶς

237 2581 244 2600 .
345 2535 411 2609 ocis
433 2563 490 2600 οιιιιι
512 2541 575 2603 Par
598 2561 622 2602 a,
644 2541 669 2598 b.
693 2539 713 2598 f
737 2538 809 2600 llice.
831 2541 875 2608 t.;
904 2548 929 2596 et
957 2544 996 2597 ita
1017 2541 1135 2610 sclmlia,
1165 2561 1231 2614 quae
1251 2547 1352 2600 nrinora
1373 2544 1413 2602 rii·

344 2637 453 2683 cuntur:
484 2641 533 2722 γρ.
563 2617 613 2722 μή
638 2611 814 2704 προξενίας
843 2616 906 2692 τοὶς
932 2616 1003 2692 σάς.
1046 2625 1099 2680 Setl
1128 2632 1264 2720 praeterea
1286 2645 1363 2700 quum
1386 2637 1414 2684 et
1507 2613 1508 2684 J

343 2714 401 2781 ipse
423 2699 445 2762 ἁ
442 2699 613 2768 πέπονθ’
634 2707 740 2773 habuit,
761 2706 914 2802 (conjunxit
935 2711 1004 2762 euim
1028 2697 1136 2801 ἐ’ργα
1132 2715 1160 2763 et
1182 2697 1335 2786 ἄναιδῆ,)
1358 2720 1413 2768 tum

228 2795 235 2810 ”
344 2785 473 2874 α’νοὲξῃς
500 2793 578 2868 legit,
611 2794 732 2866 quoniam
764 2781 900 2870 οἷνοίξιγς
929 2810 974 2864 per
1003 2781 1200 2874 καταγάγῃς
1227 2795 1413 2869 interpretatus

346 2893 405 2931 esse
428 2897 479 2932 uon
502 2885 547 2950 pot
537 2883 604 2944 t3est
627 2876 675 2932 illa
697 2883 782 2932 autem
805 2852 888 2932 verlia
909 2893 1103 2948 nonnumquam
1126 2885 1325 2945 commutantur,
1341 2881 1415 2936 velut

345 2958 398 3016 Th.
427 2959 525 3036 Bergk
552 2963 578 3015 iu
608 2979 675 3021 mus.
705 2958 791 3018 Rhea.
819 2978 844 3016 a.
875 2950 960 3016 1842
987 2978 1012 3032 p.
1036 2951 1095 3021 96..
1109 2955 1313 3033 Αιίοιοριιιιιί“
1307 2981 1332 3017 ιιι
1356 2981 1414 3026 ran.

345 3037 437 3104 lilll.
460 3051 533 3100 acrrte
556 3033 655 3114 οὶξεις
675 3062 722 3120 pro
745 3032 836 3118 ἄξεις
857 3044 983 3103 restituit.
1016 3040 1130 3098 Secundi
1152 3045 1233 3118 igitur
1255 3049 1414 3103 enarratoris

345 3129 418 3185 illius
441 3129 519 3186 lectio
542 3136 583 3185 est
604 3128 684 3184 haec:

394 3223 398 3230 “
497 3244 544 3300 μη
537 3215 742 3304 προξενιας
764 3214 893 3305 ανοῖξης
914 3217 975 3296 τὰς
997 3216 1079 3300 oola,
1106 3216 1130 3284 ric
1123 3215 1318 3301 πέπονθ’,
1347 3218 1417 3308 ἑργ

691 3335 692 3338 ’
804 3290 941 3384 α’ναιδῆ.
1507 3313 1508 3318 '

346 3410 448 3466 Similia
476 3406 563 3484 prodit
591 3413 698 3468 tertius:
725 3404 827 3470 οἱονεὶ
860 3400 911 3506 μή
939 3401 1031 3467 κατοὶ
1058 3403 1122 3479 τήν
1145 3398 1326 3486 προξενίαν
1354 3397 1430 3480 τῆν’
1507 3405 1508 3408 ’

347 3483 412 3564 σήν
435 3483 550 3586 ’ἔργων
560 3487 667 3568 γένοιο
677 3485 877 3596 φαύλων’
854 3486 1044 3586 succurris,
1067 3483 1256 3562 οἷναπτύξαι
1270 3489 1327 3550 καὶ
1349 3511 1417 3572 φοι
1507 3527 1508 3562 3

348 3569 503 3656 νερῶοαι
508 3569 552 3633 τοὶ
576 3569 650 3634 κατ’
671 3569 726 3656 ἐμὲ
746 3569 947 3652 βουληθείς.
971 3576 1023 3640 tini
1045 3585 1133 3652 aperte
1140 3580 1236 3694 legit:¹
1507 3601 1508 3612 ι

499 3669 564 3753 peti,
600 3665 817 3773 πρθξένὶας,
831 3667 987 3760 α’νοίξης,
1014 3668 1075 3744 τοὶς
1103 3667 1182 3749 σάς,
1212 3667 1236 3732 tt
1261 3667 1418 3744 πέπονθ’,
1507 3729 1508 3742 ,

808 3750 867 3840 i'py
867 3739 1030 3832 οἷναιὸῆ.
1507 3761 1508 3796 t

348 3859 410 3917 Duo
432 3866 512 3938 igitur
539 3860 675 3929 hcruices,
706 3864 748 3935 qui
770 3849 943 3940 προξενίας
965 3859 1123 3928 habuerunt,
1153 3859 1275 3916 ridentur
1298 3864 1417 3934 quamvis
1507 3897 1508 3930 3

349 3948 527 4018 ineptissime,
550 3935 633 4024 πρός
654 3947 827 4043 supplevisse,
849 3953 875 4001 et
892 3947 997 4001 omnino
1017 3946 1227 4022 corruptionibus
1250 3947 1307 4001 suis
1330 3953 1416 4000 osten
1426 3987 1429 3992 .

351 4026 430 4093 dunt,
453 4047 483 4082 se
504 4030 610 4104 lougius
632 4047 648 4084 a
669 4033 752 4103 primo
778 4029 851 4085 fonte
882 4027 996 4098 distare3
1024 4048 1074 4106 quo
1102 4032 1230 4106 integrior
1255 4030 1354 4107 priruus
1377 4037 1419 4082 est
1446 4103 1448 4108 Ι

350 4113 494 4184 interpres,
517 4131 548 4166 eo
571 4120 613 4168 est
633 4115 773 4168 vetustior.

435 4207 530 4266 Plures
559 4209 719 4267 scholiastae
748 4230 876 4288 nusquam
907 4219 1042 4288 apparent.
1085 4207 1201 4271 Scit
1168 4213 1274 4271 obstant
1304 4209 1421 4268 diflicilia

353 4287 456 4349 scholia
480 4293 513 4350 erl
535 4300 646 4351 vexatos
668 4295 731 4354 illos
754 4292 902 4372 Antigonae
923 4315 1018 4354 versus
1039 4287 1104 4356 608
1125 4313 1217 4372 aequm
