3032 5168
464 1472 702 1576 PARS
735 1475 1283 1582 Posssiltlolt.

287 1722 296 1738 ι
391 1699 465 1778 nu
506 1685 909 1779 scrumosum
949 1707 1356 1782 murnianus

721 1805 1077 1885 LEGTIONIBUS.

774 2025 973 2046 *uA-...—

743 2203 1001 2278 mmm.

427 2397 513 2462 Quum
537 2397 569 2455 de
597 2395 757 2457 scholiorum
785 2381 887 2456 ratione
915 2393 991 2473 atque
1020 2399 1176 2454 auctoritate
1197 2393 1253 2471 jam
1287 2399 1412 2451 constare

258 2486 267 2502 '
342 2484 477 2554 videatur,
507 2482 541 2542 ad
569 2487 642 2560 ipsas
671 2504 760 2542 eorum
789 2483 915 2542 lectiones
949 2481 1107 2541 accedimus.
1154 2477 1270 2542 (duarum
1290 2481 1410 2553 'primum

342 2591 389 2628 eas
411 2589 607 2645 componemus,
630 2588 695 2642 quae
724 2575 811 2626 rectae
839 2576 865 2624 et
887 2571 1015 2644 genuinae
1037 2573 1106 2632 suut,
1130 2567 1186 2620 sive
1209 2563 1276 2620 solis
1299 2561 1412 2620 scholiis

343 2658 400 2711 sive
428 2653 538 2709 scholiis
567 2671 597 2707 ac
625 2653 699 2706 libris
729 2654 897 2724 praebentur,
930 2661 983 2706 tum
1016 2667 1047 2703 ea
1072 2647 1173 2707 scholia
1195 2645 1315 2716 afferam,
1344 2665 1413 2720 quae
1479 2657 1480 2660 ’

342 2743 455 2812 possunt
476 2734 510 2788 ad
537 2741 648 2797 rectam,
683 2741 795 2804 possunt
824 2735 903 2786 etiam
925 2731 958 2786 ad
979 2732 1075 2786 falsam
1096 2733 1250 2804 scripturam
1272 2735 1413 2807 pertinere,

343 2815 438 2874 deinde
460 2833 502 2884 ea,
526 2833 591 2889 quae
613 2813 802 2886 discrepantiae
824 2817 936 2888 speciem
958 2812 1060 2888 quidem
1082 2815 1220 2889 praebent,
1250 2815 1299 2872 sed
1319 2835 1415 2872 revera

342 2900 442 2960 unllam
472 2902 621 2955 varietatem
645 2900 793 2965 continent,
821 2896 931 2971 denique
951 2905 1066 2954 veterum
1089 2901 1257 2974 interpretum
1279 2901 1413 2976 conjectu·

342 3005 397 3044 ras.
431 2983 471 3042 Eo
494 3001 576 3060 usque
598 2983 679 3060 igitur
701 2999 777 3056 qumn
800 2979 1180 3058 asclroliastarumcodicibus
1196 2983 1414 3040 nondiscesseri·

343 3089 417 3138 uuus,
436 3070 490 3146 jam
513 3068 597 3126 falsas
619 3085 709 3124 eorum
731 3069 873 3142 scripturas
903 3075 1080 3142 annectemus.
1122 3067 1262 3124 Postremo
1292 3066 1324 3123 de
1354 3086 1413 3143 per·

343 3175 466 3216 sonamm
489 3151 670 3213 distributione
692 3159 718 3208 et
744 3150 776 3208 de
804 3149 960 3208 histrionum
991 3153 1236 3230 interpolationibus
1267 3170 1314 3218 ea,
1346 3169 1416 3226 quae

342 3237 395 3296 huc
417 3244 550 3314 spectant,
572 3236 703 3312 adjiciam.
783 3253 791 3264 ·

430 3319 523 3392 Capita
550 3323 631 3392 igitur
659 3318 802 3376 secundum
831 3321 971 3378 lectionum
1000 3324 1110 3396 pretium
1138 3319 1274 3377 distribui:
1296 3320 1322 3375 in
1345 3316 1443 3392 ipsis*

344 3422 408 3461 vero
431 3403 559 3475 capitibus
580 3420 702 3458 versuum
729 3421 862 3458 nnrnemm
891 3413 996 3460 secutus
1019 3411 1091 3473 sum',
1128 3412 1210 3460 etex
1237 3402 1288 3460 hoc
1309 3401 1415 3478 quidem

344 3485 489 3545 fabularum
512 3483 615 3542 ordine:
645 3483 761 3540 Electra.
794 3483 872 3561 Ajax.
901 3487 1068 3558 'frachiniae
1095 3487 1266 3546 Philoctetes.
1297 3486 1416 3562 Oedipus

343 3571 412 3631 Rex.
435 3569 578 3646 Antigona.
607 3567 672 3626 Oed.
696 3569 839 3626 Coloneus.
883 3569 978 3648 Co‘e‘git
1000 3591 1040 3628 me
1063 3571 1165 3647 quidem
1188 3573 1236 3628 illa
1257 3571 1366 3640 divisio,
1383 3581 1416 3627 ut

295 3706 299 3720 ,
346 3655 378 3716 de
399 3658 486 3713 verbis
508 3656 625 3730 proxime
647 3656 799 3728 corupositis
826 3653 955 3712 interdum
978 3653 1090 3714 diversis
1113 3656 1179 3713 locis
1202 3675 1315 3732 agerem,
1337 3665 1363 3712 et
1385 3665 1417 3711 ut

345 3763 392 3818 pro
415 3760 473 3800 mea
494 3741 577 3814 ipsius
600 3742 744 3804 sententia,
772 3758 848 3812 qurum
871 3739 903 3796 de
925 3743 1067 3814 scripturae
1090 3741 1213 3815 cujusque
1234 3743 1344 3794 veritate
1366 3737 1415 3794 lra-

345 3828 450 3894 herem,
479 3823 599 3900 singulas
628 3825 811 3879 annotationes
842 3825 1006 3881 collocarem.
1049 3822 1102 3879 Sed
1127 3824 1224 3886 urulta,
1252 3821 1325 3876 velut
1345 3841 1416 3894 quae

348 3906 380 3962 de
396 3909 556 3964 lectionibus
578 3927 612 3964 ex
633 3909 846 3980 interpretatione
876 3907 973 3974 ductis,
1009 3905 1041 3962 de
1070 3905 1243 3978 discrepantia
1272 3908 1415 3964 memoriae

348 4008 435 4046 errore
458 3999 523 4058 orta,
544 3990 577 4048 dc
597 3992 703 4058 librarii,
723 4009 775 4046 non
796 3989 995 4048 scholiastarum
1014 3991 1093 4043 variis
1113 3989 1185 4043 lectt.
1201 3985 1342 4060 disputari,
1367 4009 1413 4046 ne·

348 4091 390 4128 mo
413 4069 510 4138 credat,
533 4075 557 4128 si
571 4076 676 4150 singula
697 4074 855 4141 afferantur,
878 4093 953 4128 neruo
978 4071 1102 4146 negabit,
1125 4073 1149 4126 si
1172 4071 1261 4128 multis
1284 4075 1412 4148 exenrplis

348 4154 499 4214 confirmata
519 4153 622 4216 viderit.
666 4157 734 4214 Tum
764 4161 883 4232 quoniam
906 4175 959 4211 non
987 4154 1018 4210 dc
1041 4152 1183 4230 Sophocle,
1205 4155 1254 4212 sed
1282 4148 1314 4214 de
1336 4155 1412 4214 scho-

245 4249 246 4254 ’
348 4239 383 4299 lis
419 4235 566 4311 disputavi,
598 4239 733 4296 fortuitum
770 4259 890 4298 versuum
923 4257 1056 4294 numerum
1087 4243 1162 4314 sequi
1193 4259 1245 4298 non
1276 4240 1410 4318 debebam,

349 4325 427 4385 utituo
466 4319 605 4378 membrum
643 4321 780 4382 divisionis
819 4343 852 4382 ex
890 4325 948 4402 ipsa
985 4327 1181 4408 annotationum
1219 4325 1412 4400 lectionumque
