3026 5174
895 667 922 744 ι.
944 664 976 733 3.

490 823 608 882 Tertium
641 822 753 898 denique
787 819 910 880 indicium
944 830 1049 898 apertas
1086 824 1304 885 contradictiones
1334 831 1466 904 praehent.

405 909 479 972 Quae
499 915 613 984 possunt
633 927 694 965 esse
716 907 902 982 quincuplices.
945 905 998 964 Aut
1020 909 1088 964 enirn
1111 911 1179 968 alius
1201 909 1320 969 diversas
1341 915 1464 988 intorpre-

403 991 477 1052 tandi
505 997 621 1050 rationes
648 992 784 1066 proponit,
812 990 880 1048 alius
902 1007 979 1046 unam
1002 991 1116 1064 aliquam
1138 1001 1261 1068 tanquam
1282 999 1386 1053 unicam
1406 1017 1464 1072 pro·
1510 999 1512 1006 '

402 1077 470 1151 lertJ
490 1083 536 1131 ant
557 1075 625 1131 alius
647 1075 694 1129 alii
713 1072 857 1148 respondet
877 1078 935 1130 sive
956 1072 1117 1147 obloquitur,
1144 1085 1190 1132 aut
1211 1079 1394 1137 contradicunt
1414 1083 1464 1137 sihi

401 1164 431 1218 in
451 1160 543 1226 nehus,
566 1175 632 1232 quae
653 1155 688 1214 ad
708 1158 908 1234 explicationem
930 1174 983 1213 non
1003 1159 1147 1233 pertinent3
1173 1165 1219 1250 apt
1244 1157 1364 1218 diversae
1384 1167 1465 1219 inter·

400 1243 562 1318 pretationes
582 1239 674 1297 eodem
696 1241 764 1309 loco,
787 1260 839 1298 non
861 1228 1387 1316 conjunctaepartieula't1',alleruntar,
1409 1253 1465 1312 aut,

402 1323 471 1400 qnod
494 1328 678 1422 gravissimum
699 1331 756 1392 est,
778 1323 909 1381 distantes
930 1323 1013 1380 celato
1034 1323 1132 1379 lectore
1153 1331 1299 1398 sequuntur
1325 1325 1464 1392 lectiones

402 1406 478 1471 Quae
499 1411 587 1465 omnia
608 1407 730 1483 deinceps
752 1411 887 1485 attingam.
969 1431 974 1454 ι

485 1487 524 1566 )
545 1488 589 1548 Ad
616 1490 688 1550 Phil.
711 1483 803 1550 1093.
832 1491 898 1546 alter
925 1487 1070 1547 scholiasta
1092 1491 1177 1547 solum
1199 1493 1268 1549 inter
1288 1484 1465 1562 πιιικάδις

402 1581 429 1630 ιι
463 1567 634 1670 πτωχάὸες
663 1573 805 1667 disceptat,
841 1574 909 1630 alter
938 1592 1001 1630 sero
1037 1577 1149 1650 quinque
1185 1575 1312 1634 lectiones
1342 1579 1462 1652 praehet·

401 1649 591 1737 πιωμάδις,
621 1653 817 1737 cruscire,
844 1649 1038 1754 ιιιωχιιδις,
1064 1649 1254 1734 apotolica,
1283 1653 1461 1754 δρομάδες.

400 1721 659 1804 Δ610οο1467.
681 1740 800 1798 alterde
822 1742 933 1798 lectione
956 1735 1197 1814 καιέοτιιψας
1201 1749 1227 1797 et
1250 1738 1464 1818 sociaremus

401 1825 517 1896 dubitat,
556 1828 623 1886 alter
652 1825 681 1884 id
715 1845 768 1883 non
801 1845 895 1883 curans
925 1815 1177 1902 κατεβάιιυοας
1208 1833 1308 1882 tantum
1341 1837 1461 1884 annotat.

399 1899 668 1988 Αὗτογὲννητα
661 1932 689 1966 ιιι
708 1908 798 1980 Antig.
810 1902 883 1966 864.
904 1910 1022 1984 pluribus
1043 1909 1128 1965 modis
1149 1909 1309 1981 explicatur,
1340 1910 1461 1984 idemque

399 1991 462 2048 inde
491 2011 507 2047 a
534 1995 621 2047 verbis
642 2007 682 2047 το
673 1984 740 2045 δὲ
761 1979 834 2058 ἑξῆς
853 1993 904 2057 ita,
933 1993 1008 2063 quasi
1035 2009 1083 2058 ea,
1113 2010 1189 2065 quam
1220 1995 1291 2066 prior
1317 1992 1464 2051 scholiasta

399 2079 533 2168 postremo
561 2075 620 2130 loeo
645 2070 778 2148 posuerit,
807 2074 884 2128 unica
913 2076 950 2129 sit
976 2074 1162 2150 interpretandi
1190 2078 1267 2132 ratio.
1310 2073 1390 2131 Velut
1418 2075 1463 2131 hio

401 2148 458 2226 δι’,
484 2159 523 2214 ita
550 2147 664 2216 τοίνυν
693 2157 724 2212 ab
753 2158 972 2229 epitomatorem
994 2156 1077 2218 schol
1100 2158 1133 2218 0.
1157 2157 1215 2216 Col.
1237 2150 1308 2217 947
1331 2157 1462 2235 adjectum

358 2246 361 2250 '
399 2247 457 2308 est,
483 2241 527 2298 uhi
554 2238 624 2314 quod
652 2239 719 2296 alter
743 2237 858 2306 dixerat,
886 2242 966 2297 verba
992 2241 1150 2298 confidenter
1171 2252 1197 2300 et
1219 2245 1276 2300 sine
1298 2242 1462 2300 dubitatione

400 2323 433 2378 ad
448 2281 625 2400 Areopagum
650 2323 782 2391 referens,
816 2323 883 2380 alter
913 2343 930 2380 a
958 2327 1045 2382 verbis
1067 2319 1213 2404 χθόνιον
1242 2317 1354 2385 τοίνυν
1383 2345 1462 2382 orsus

398 2409 518 2482 repetiit,
540 2405 687 2464 dubitanter
708 2415 795 2466 tamen
816 2406 849 2464 de
870 2403 1009 2484 Areopago
1032 2410 1152 2484 loquens.

482 2487 518 2566 B)
541 2489 722 2567 Obloquuntur
742 2491 793 2548 sihi
814 2491 929 2586 ejusdem
952 2496 1097 2550 sententiae
1118 2498 1272 2567 interpretes
1295 2513 1372 2568 qurum
1389 2487 1462 2561 alibi,

397 2581 452 2630 tum
481 2573 516 2630 ad
543 2571 605 2635 Ant
626 2569 699 2638 666.
725 2564 785 2634 νῦν
814 2566 878 2653 γάρ
906 2567 983 2632 ἒσ’
963 2592 1047 2643 ossae
1059 2566 1154 2669 ὑπὲρ
1181 2568 1338 2648 Ῥίζας
1322 2572 1461 2636 ιτὲτατο

397 2647 549 2735 φάοςν
513 2649 558 2717 ἐν’
581 2649 725 2717 Οἰδίπου
750 2647 883 2752 δόμοις,
912 2593 1073 2715 κ1ιί”αι
1102 2673 1197 2716 νιν..
1212 2652 1336 2733 .ιι’.μᾷ
1355 2653 1461 2730 κόνις,

396 2742 442 2796 uhi
458 2745 626 2818 grammatico
649 2741 746 2797 dicenti
767 2731 890 2798 Λιίπει
911 2729 1078 2834 ἆρθρον,·
1092 2733 1132 2796 τό
1155 2728 1192 2806 6,
1213 2741 1280 2796 alter
1301 2742 1458 2838 respondet:

396 2814 475 2883 Ἐάν
498 2813 662 2921 σιίξομιν
685 2802 763 2900 κᾷτ’
791 2805 835 2880 ord
859 2835 931 2896 νιν,
958 2815 1055 2880 οὐδὲν
1082 2779 1192 2879 λείπει
1212 2815 1258 2901 τῷ
1279 2815 1377 2908 λόγῳ.
1400 2824 1459 2902 (Cf

397 2911 480 2982 partis
500 2907 656 2984 posterioris
677 2927 735 2984 cap.
756 2900 815 2982 3..)
1506 2907 1508 2984 j

482 2991 518 3069 G)
540 2990 704 3049 Scholiastas
731 3009 810 3068 porro
836 2989 888 3046 sihi
913 3008 965 3046 noo
991 2991 1086 3064 uhique
1113 2995 1233 3046 constare
1263 2990 1328 3048 dixi.
1372 2987 1459 3055 Quum
1506 2985 1507 3001 ¹

396 3079 466 3133 eninr
492 3075 527 3133 ad
553 3074 624 3133 Phil.
649 3067 719 3135 194.
747 3075 932 3151 grammaticus
958 3071 1077 3142 Chrysen
1104 3081 1178 3150 putet
1204 3076 1316 3131 insolam
1345 3095 1459 3133 esseae
1505 3061 1506 3083 ³

396 3157 560 3235 Nympham,
586 3159 620 3217 ab
649 3158 780 3237 hujusque
809 3175 898 3214 amore
924 3155 1088 3212 Philoctetae
1122 3157 1219 3213 malum
1247 3165 1361 3233 repetat,
1391 3161 1460 3217 alter
1503 3197 1504 3251 J

397 3259 455 3297 earn
476 3245 565 3298 urbem
577 3241 763 3316 Minervaeque
784 3259 930 3318 cognomen
951 3259 1011 3296 esse
1033 3247 1130 3308 censet,
1153 3243 1301 3309 arbitratos,
1324 3243 1456 3312 citatior,

397 3343 461 3381 casu
473 3323 645 3380 Philoctetam
668 3343 753 3420 angue
775 3343 835 3382 esse
857 3342 980 3391 morsum,
1001 3323 1030 3380 ιιι
1051 3323 1121 3399 quod
1142 3331 1261 3380 narratur
1282 3324 1353 3384 adv.
1365 3321 1456 3388 1326.

395 3405 439 3464 Ad
461 3401 552 3466 1327.
575 3406 686 3482 denique
681 3428 766 3504 epus
787 3407 883 3464 malum
905 3409 936 3464 ab
959 3425 1069 3501 angue
1073 3405 1180 3464 custode
1175 3411 1347 3498 repetitur:
1368 3405 1501 3481 πλη-

396 3481 473 3549 σιον
501 3483 614 3550 ἐλθών
638 3483 698 3550 τοῦ
724 3505 829 3572 οφιως
858 3482 920 3549 τοῦ
946 3507 1006 3560 τις
1027 3481 1132 3564 νήσου
1152 3482 1210 3562 τῆς
1232 3484 1370 3570 Χρυσῆς
1390 3486 1456 3574 φύ-

395 3567 511 3644 λακος.
552 3574 596 3633 Ad
614 3569 687 3634 2711.
709 3584 795 3632 autem
815 3573 990 3632 Philoctetam
1011 3577 1049 3631 ait
1073 3594 1127 3631 non
1148 3578 1310 3649 quaesivisse
1331 3576 1454 3633 Herculis
1493 3583 1499 3670 J

396 3676 485 3728 aram,
505 3665 536 3716 nt
556 3657 591 3716 ad
614 3651 682 3720 194
702 3664 831 3734 interpres
853 3665 1011 3728 narraverat,
1033 3657 1152 3715 sedeam
1174 3657 1337 3716 conditurum
1358 3661 1452 3721 fuisse.

396 3739 471 3806 Quae
491 3745 579 3800 omnia
599 3741 777 3800 diversitatem
796 3743 967 3819 patefaciunt.

478 3824 565 3890 Quum
586 3844 663 3902 porro
686 3825 720 3882 ad
739 3825 784 3882 m.
805 3817 857 3884 47.
879 3825 911 3883 de
933 3825 1036 3883 Orestis
1058 3829 1197 3884 certamine
1217 3825 1314 3884 Prthio
1336 3829 1452 3903 legatur·

395 3897 536 4004 οινῆκται
567 3903 604 3968 dd
632 3903 705 3977 τοῖς
727 3900 880 4006 χρόνοις,
913 3909 983 3984 qnod
1017 3912 1173 4009 explanatur
1200 3908 1303 3967 scholio
1330 3929 1357 3969 v.
1378 3905 1451 3971 682.

393 3975 488 4050 οὔπω
507 3971 551 4063 ἦν
570 3986 625 4052 ἐπὶ
644 3983 835 4070 ’Ope'orov‘
816 4010 836 4051 o
857 3985 1058 4062 Hcdtxoe'
1040 3985 1148 4072 αγοιν,
1175 4001 1263 4050 tamon
1290 3991 1324 4049 ad
1352 4011 1377 4055 v
1399 3987 1450 4054 47.

393 4069 501 4132 ιιιιιιι·
530 4066 584 4133 ἐπὶ
616 4069 845 4172 Τριπτολέμου
878 4069 944 4174 γάρ
977 4092 1065 4177 φασι
1098 4068 1263 4152 γενέσθαι
1289 4070 1452 4136 Ποθικον

391 4143 569 4231 ardema
555 4147 784 4229 ttauootoffl
765 4175 854 4218 ετισι
879 4152 1049 4240 πρότερον.
1090 4160 1144 4218 Hic
1169 4164 1249 4237 igitur
1277 4178 1293 4216 a
1319 4159 1449 4236 Sophocle

387 4233 488 4332 justam
509 4246 653 4317 temporum
677 4247 804 4302 rationem
820 4253 959 4301 servatam
993 4263 1054 4302 esse
1081 4243 1254 4320 significavit,
1289 4263 1372 4318 neque
1400 4265 1446 4318 pro

390 4337 551 4406 προτερον
558 4328 664 4404 sempsit
673 4311 822 4408 deceptus,
833 4327 904 4404 quod
917 4328 1003 4387 editor
1015 4328 1151 4388 Romanus
1161 4348 1176 4385 e
1187 4329 1337 4406 conjectma
1348 4331 1447 4403 posuit.
