2998 5166
1200 419 1345 528 m'

169 636 204 690 ab
228 637 316 690 anime
337 640 395 692 sive
417 640 472 692 vita
493 630 566 695 ana?
614 634 689 696 Quae
718 634 773 690 tola
797 634 887 690 divine
907 653 967 690 esse
988 652 1023 689 ex
1044 640 1100 690 toto
1119 643 1250 700 contexto,

169 723 295 792 apparet,
317 737 395 792 qnam
425 718 459 776 de
484 718 537 776 diis
565 719 633 775 solis
661 727 769 794 agntm·
800 717 838 774 dii
867 725 954 774 antem
982 719 1035 774 tela
1068 736 1117 774 sua
1142 737 1244 794 poenae

170 819 255 857 oanaa
276 805 430 862 emiserunt.

326 907 372 974 Εἰ
389 910 456 1012 yoip
477 912 516 975 at
536 907 660 978 τοιαίδε
683 903 873 998 πράξεις’
839 896 960 994 reptat,

326 1017 361 1059 τι
353 992 441 1058 ’δεῖ
458 1019 500 1079 με
518 989 679 1082 popellum
1006 1021 1009 1027 ‘

170 1121 192 1172 i.
215 1135 239 1174 e
262 1115 357 1192 qnodsi
377 1116 510 1178 Joeentae
523 1119 600 1174 naias
621 1119 733 1174 inultum
753 1123 856 1186 manet,
878 1114 943 1192 qnid
963 1133 1074 1174 venerer
1095 1115 1179 1188 deest

328 1222 512 1292 Ψθίνοντσι
533 1225 599 1311 γάρ
622 1227 737 1290 Autoo
758 1203 889 1293 reddat

325 1309 477 1400 θέσφατ’
499 1306 686 1397 ἐξαιροῦσιν
707 1307 788 1390 ἤδη,

171 1435 192 1486 ι.
212 1449 238 1502 ι.
261 1429 380 1506 Oedipus
407 1437 478 1490 enim
505 1433 700 1523 Jooastoqne'
688 1451 745 1506 Jam
774 1430 884 1500 tollunt,
913 1438 943 1488 ut
971 1435 1118 1502 intereant,
1141 1437 1247 1488 vetusta
1326 1486 1330 1492 .

172 1512 236 1603 an'i
267 1517 383 1570 oracula.
425 1515 489 1572 Ubi
516 1506 694 1594 φθίνοντι
727 1515 857 1588 prolepsis
884 1529 940 1582 est,
976 1533 1053 1590 qnam
1084 1514 1189 1584 dicunt,
1218 1522 1246 1570 et

171 1589 280 1655 notae
303 1598 433 1673 adjective
452 1607 605 1682 usurpatur,
628 1599 698 1652 volnt
721 1596 787 1653 Oed.
810 1597 874 1667 Tyr.
899 1589 995 1657 1245·

327 1691 430 1754 καλεῖ
451 1688 510 1754 τὸν
530 1687 597 1769 ἤδη
619 1689 733 1753 Λαΐου
761 1686 869 1754 πάλαι
890 1687 1027 1776 νεκρόν,

174 1800 202 1848 et
223 1812 259 1849 ex
279 1793 374 1851 Herm.
396 1795 578 1851 emendatione
600 1799 628 1850 in
649 1795 720 1851 Phil.
744 1787 825 1854 15οι

382 1883 491 1950 πάλαι
511 1885 663 1971 μέλημα,

174 1997 202 2046 et
224 1993 252 2046 in
275 1991 340 2048 Eur.
363 1991 406 2049 ΕΙ.
428 1985 507 2052 497ι

260 2160 267 2164 -
377 2086 488 2151 πάλαι
509 2108 546 2150 τε
568 2079 803 2174 θησαύρισμα.

173 2188 306 2264 Repetitio
327 2194 402 2248 verbi
424 2181 578 2270 ἕρξιται.
599 2213 677 2268 quum
699 2197 798 2252 talibus
816 2196 894 2252 rebus
910 2193 1007 2250 Graeci
1027 2193 1134 2250 omnino
1154 2191 1248 2250 odensi

174 2293 229 2330 non
249 2277 320 2342 sint„
341 2273 394 2332 hoo
423 2276 481 2336 loeo
513 2276 632 2352 aSoph.
653 2279 758 2336 videtur
791 2283 869 2336 etiam
900 2281 1020 2352 quaesita
1040 2295 1117 2344 esse,
1139 2284 1169 2332 ιιι
1190 2295 1248 2332 een·

174 2359 258 2412 tentia
280 2366 352 2414 esset
372 2361 476 2414 aeutins
500 2356 583 2418 diota.
623 2361 675 2417 Est
697 2370 784 2419 antem
805 2360 885 2418 haee·
906 2363 1027 2434 quisquis
1049 2363 1081 2418 ab
1103 2365 1140 2416 iis
1162 2362 1249 2428 ntra,

176 2457 242 2513 quas
272 2443 403 2516 attingere
434 2440 510 2497 nefas
540 2447 598 2510 est,
620 2461 650 2498 se
676 2462 731 2498 non
756 2441 919 2516 prohibebit,
948 2461 983 2501 ne
1012 2461 1123 2514 poenam
1143 2441 1248 2516 qnidam

175 2521 333 2660 prohibebit.
376 2521 480 2598 Neqrie
492 2527 627 2598 quisquam
649 2524 701 2581 hos
722 2543 847 2580 numeros
867 2525 1042 2600 vituperabit:

379 2615 535 2664 υυυυ-
565 2616 653 2664 ubl·-
669 2635 725 2665 U·-

607 2699 752 2771 -·-(dirn.
769 2699 868 2768 troeb.)

179 2799 270 2864 1001.
292 2794 367 2874 ἅλις
388 2796 519 2868 vooodo’
542 2796 624 2886 ἐ’χω.
647 2807 785 2866 Sobel...
797 2801 924 2870 andro
952 2796 988 2862 δὲ
1010 2796 1113 2876 δηλοῖ
1131 2793 1189 2863 δνσὶ
1212 2794 1252 2860 τὸ

177 2879 255 2956 ἅλις
274 2881 405 2948 νοσοῦσ
426 2881 498 2966 ἐγώ.
541 2889 602 2948 Hos
623 2900 651 2948 et
673 2895 704 2948 ab
728 2911 799 2948 omn.
820 2893 946 2967 reeipltur
967 2896 994 2948 et
1020 2895 1089 2946 teste
1110 2885 1249 2944 Diodorfio

178 2970 269 3030 codiee
291 2971 438 3048 Cbiagiano
461 2974 564 3032 Showii
586 2975 762 3036 oonfirmatur.

221 3079 314 3145 1080.
334 3077 373 3143 od
394 3078 453 3144 τὸν
467 3077 687 3184 ’Όλυμιισν’
664 3077 824 3162 σπείρων,
850 3103 876 3140 ω
861 3073 1089 3160 Κιθαιρών,

332 3159 394 3228 οὐκ
416 3159 478 3248 eop
500 3164 566 3225 τσιν
587 3158 705 3245 αὔριον
725 3161 943 3238 πανσέληνον.

180 3281 222 3372 lta
242 3283 312 3340 libri.
338 3313 377 3324 -
420 3279 598 3358 Antistropha
619 3281 684 3340 haee
704 3279 802 3340 habet:

318 3373 455 3452 Πανὸς
477 3371 689 3478 ὀρεσσιβάτα
710 3397 736 3440 ιι
736 3365 1075 3477 poenelaodsioca3
1050 3397 1072 3454 η
1096 3371 1134 3438 σέ
1149 3371 1225 3459 γὲ,

407 3482 457 3534 τις
477 3456 637 3548 θυγάτηρ
657 3397 798 3537 Λοξιονι
826 3461 873 3544 τῷ
893 3457 1029 3543 γάρ...

180 3581 234 3640 Sed
255 3581 319 3640 sehr
320 3583 357 3638 ιιι
377 3571 491 3640 oder*
471 3597 534 3667 sopp
563 3572 614 3652 εἰς
641 3575 705 3654 τήν
732 3571 849 3658 αὔριον
877 3570 1057 3660 ἀπείρατος
1079 3572 1139 3636 τοῦ
1159 3563 1251 3652 ἡμᾶς

180 3656 292 3746 αὔξειν
313 3643 628 3727 σε....σσιι1ιιιιιιιιι·
648 3667 807 3733 ιιιιιιιιιισι,
830 3681 906 3738 qoem
922 3663 986 3718 olim
1003 3664 1074 3730 feeit,
1089 3659 1250 3716 emendatio:

236 3829 238 3834 ,
334 3759 396 3826 οὐκ
419 3755 489 3825 ἔσει
510 3757 629 3850 αὔριον
650 3758 683 3835 ἐς
703 3759 928 3836 πανσέληνον
1009 3819 1012 3826 ,
1229 3759 1233 3769 ’

179 3883 273 3958 Neque
294 3881 346 3940 hoo
366 3884 436 3960 sugit
457 3887 542 3940 virum
565 3903 598 3939 en
580 3889 709 3964 regium.
751 3879 823 3938 Nom
845 3881 952 3936 minime
973 3879 1014 3932 est
1029 3873 1162 3944 credibile,
1175 3875 1251 3932 sobo·

179 3968 285 4026 llastem
307 3970 483 4024 usitatissimo
506 3971 657 4024 accusativo
686 3967 812 4040 temporis
838 3960 1060 4060 praepositionem
1081 3975 1130 4028 εις
1150 3957 1252 4016 additu·

181 4069 238 4108 rum
258 4049 360 4119 luisse,
382 4053 435 4107 nisi
456 4051 513 4108 eam
534 4051 654 4127 legisset
697 4047 741 4105 Illi
761 4047 851 4102 versui
871 4049 927 4099 tum
954 4039 1000 4100 hio
1026 4040 1181 4120 respondet:

333 4139 358 4220 ἢ
380 4142 417 4208 σε’
439 4141 477 4227 ye'
500 4165 552 4218 τις
573 4138 733 4226 θυγάτηρ
753 4133 881 4216 Λοξίου
901 4158 981 4214 nom

155 4238 337 4322 fream*
271 4279 334 4322 που
355 4269 431 4322 metri
453 4284 534 4323 nausa
554 4268 587 4322 ab
615 4265 768 4328 Hermanno
790 4266 886 4342 optime
906 4269 949 4320 est
969 4261 1110 4337 adjeotnm.
1132 4257 1252 4327 Sequens
