3032 5168
310 432 339 477 W

311 597 467 683 ¹totiusque
487 598 519 660 in
542 615 643 661 eorum
673 593 817 658 lectiones
845 591 1015 676 inquirere,
1051 601 1099 672 ct,
1135 597 1167 655 ut
1200 592 1310 657 certius
1346 591 1383 668 de

312 748 415 812 harum
442 746 591 834 grauitate
615 743 743 830 judicari
773 750 891 832 posset,
921 763 983 806 non
1011 739 1107 806 solum
1135 741 1247 808 iudicia
1275 741 1382 826 omnia,

314 919 389 984 quac
423 906 474 962 aut
509 894 634 984 tempori
668 901 719 960 aut
754 894 924 958 auctoribus
960 891 1155 978 designandis
1191 894 1381 986 inservirent,

314 1045 477 1136 diligenter
498 1045 660 1132 colligere,
689 1043 743 1109 sed
766 1065 868 1108 omnes
891 1027 978 1107 etiam
1000 1029 1082 1110 locos
1105 1065 1297 1132 componere,
1320 1044 1382 1130 qui·

315 1200 369 1271 hus
398 1205 449 1262 aut
478 1217 497 1260 a
523 1195 673 1261 codicibus
702 1194 837 1284 optimis,
867 1201 918 1258 aut
946 1216 964 1258 a
993 1191 1116 1282 vulgata
1137 1216 1215 1261 nuuc
1236 1197 1384 1284 scriptura

315 1347 516 1420 recederent'
556 1417 560 1428 ,

400 1515 507 1603 Neque
534 1513 566 1582 id
594 1513 691 1580 solum
719 1467 836 1596 curavi,
867 1521 899 1578 ut
928 1512 1073 1596 riderem,
1103 1513 1172 1600 quid
1198 1512 1304 1613 'anxilii
1323 1513 1383 1581 Sh-

315 1666 417 1755 phucli
445 1689 485 1736 ex
512 1665 635 1734 scholiis
664 1665 768 1732 afferri
798 1673 919 1754 posset,
948 1663 1002 1729 sed
1025 1664 1112 1729 simul
1133 1665 1295 1752 periculum
1318 1667 1385 1748 leci,

317 1817 346 1894 si
372 1817 439 1906 ipse
466 1818 555 1892 etiam
585 1816 759 1906 quibusdam
792 1815 867 1882 locis
894 1835 962 1879 earu
990 1835 1076 1902 opem
1106 1815 1234 1882 ualerem
1264 1818 1385 1883 afferre.
1429 1836 1436 1892 g

317 1967 383 2030 Nec
416 1989 496 2052 nego
531 1967 588 2033 hoc
618 1963 808 2030 temerarium
840 1965 970 2030 fortusse
1002 1985 1071 2029 esse
1103 1965 1259 2054 inceptum„
1308 1967 1385 2039 Nam

318 2115 395 2183 nulli
423 2117 488 2181 sere
516 2114 568 2181 alii
597 2115 738 2204 scriptori
768 2114 913 2202 conligit,
942 2121 975 2182 nt
1001 2136 1020 2180 e
1042 2117 1135 2181 tantis
1157 2093 1273 2204 tamque
1295 2113 1384 2181 claris

233 2359 242 2364 -
321 2273 353 2332 at
373 2253 508 2354 egregiis
531 2267 604 2334 viris
626 2274 817 2351 tractaretur,
839 2287 961 2356 quorum
981 2246 1183 2352 Hermannos,
1205 2263 1387 2350 Bueckhios,

320 2416 494 2484 Loheckios
524 2415 573 2484 hic
600 2419 769 2508 appellasse
796 2411 937 2486 sufficiet.
982 2419 1134 2495 Quomodo
1161 2419 1256 2506 igitur
1281 2421 1390 2508 sugere

319 2589 368 2640 me
396 2571 508 2670 potuit,
536 2571 567 2634 in
597 2578 737 2659 quantum
759 2569 920 2635 inciderem
942 2569 1120 2660 periculum,
1150 2592 1204 2654 ne,
1235 2573 1263 2636 si
1284 2572 1387 2636 horum

321 2720 360 2784 ah
391 2719 637 2808 explicationibus
667 2729 719 2786 eut
753 2721 1007 2790 emendationibus
1036 2721 1222 2806 recederem,
1251 2723 1391 2790 inscitiae
1429 2723 1433 2731 '

321 2888 406 2976 meae
428 2868 601 2938 documenta
622 2879 837 2963 proponeremt
879 2875 985 2962 Neque
1007 2881 1109 2967 tamen·
1129 2870 1233 2964 pedem
1254 2875 1389 2946 reseren-

322 2995 392 3087 dum
417 3020 500 3089 duxi.
543 3023 601 3088 Est
627 3025 724 3109 cuim,
752 3027 802 3090 uhi
830 3025 918 3094 etiam
940 3025 1020 3089 vinci
1041 3026 1082 3088 sit
1103 3024 1304 3102 honorificum.
1346 3024 1389 3089 Et

323 3171 392 3256 quid
414 3173 502 3258 hujus
526 3173 666 3242 audaciae
686 3199 733 3244 me
755 3128 927 3267 poeniteat,
949 3175 996 3242 cui
1017 3175 1061 3246 ita
1083 3173 1177 3240 solum
1198 3174 1334 3256 licuerit,
1355 3174 1389 3238 in

323 3329 431 3410 potitae
452 3324 620 3392 suavissimi
641 3329 828 3412 virorumque
848 3327 1115 3392 illustrissimorum
1138 3327 1282 3392 societate
1299 3289 1389 3392 ctiam
1449 3421 1450 3429 ἵ

273 3555 277 3560 ¹
324 3481 411 3578 atque
432 3477 522 3544 etiam
543 3480 676 3547 versante

408 3643 471 3712 Sed
500 3648 558 3713 erit
585 3648 732 3728 sortasse,
761 3643 810 3732 qut
839 3643 992 3710 materiam
1022 3643 1093 3710 mihi
1121 3651 1205 3734 putet
1221 3647 1282 3731 jam
1304 3667 1390 3734 pree-

324 3803 438 3882 reptam
460 3821 529 3866 esse
551 3819 570 3863 a
591 3795 767 3882 Wundero,
789 3797 840 3884 qui
861 3819 888 3864 a.
913 3795 1005 3864 1838.
1028 3795 1065 3861 de
1088 3793 1266 3861 scholiorum
1277 3795 1390 3862 Ruma-

323 3964 427 4020 nurum
450 3947 481 4012 in
496 3949 673 4039 Sophoclem
695 3950 871 4024 auctoritate
893 3947 1132 4014 dissertationem
1155 3939 1245 4011 edidil
1259 3945 1391 4030 Grimae,

200 4105 207 4112 “
324 4106 342 4175 ξι
370 4097 462 4176 Ferd,
483 4099 659 4186 Stoeckero,
680 4091 728 4200 qui
744 4102 780 4166 de
795 4099 890 4187 Soph.
904 4105 935 4162 et
951 4095 1108 4182 Aristoph.
1122 4094 1251 4184 interpp.
1264 4095 1390 4162 Graecis

208 4266 223 4326 ,·
326 4253 478 4337 praelatus
501 4259 547 4316 est
568 4251 781 4336 progremmutt
803 4247 923 4317 scholae
945 4243 1141 4314 Hammoniaco
1162 4267 1190 4315 c.
1213 4243 1324 4331 loeo,
1339 4245 1391 4312 de·
