3032 5168
108 1169 253 1228 Postremo
281 1171 305 1226 si
335 1171 393 1243 quis
423 1169 491 1225 forte
521 1167 696 1236 dubitaverit,
724 1187 785 1226 nuru
820 1167 899 1246 alpha
927 1175 1002 1230 vocis
1032 1162 1182 1255 αἐρώδης

108 1253 219 1330 produci
240 1256 342 1328 possit,
372 1271 449 1328 quum
476 1250 596 1328 aSoph.
618 1254 645 1308 irr
676 1251 720 1314 El.
747 1243 798 1314 87.
824 1245 891 1334 οἷήρ
922 1252 1093 1353 corripiatur,
1122 1281 1181 1320 euru
1254 1299 1258 1310 ·

108 1335 240 1394 Matthiae
269 1337 316 1392 lrlii
345 1340 373 1394 iu
395 1337 458 1414 lex.
484 1335 576 1412 Eurip.
607 1323 699 1412 (Lips.
726 1329 833 1409 1841.)
860 1358 883 1398 s.
906 1359 931 1402 r.
953 1331 1020 1419 αἠρ
1043 1341 1180 1416 docebunt,

108 1425 199 1478 omnia
230 1419 360 1498 adjectiva
391 1421 423 1477 ab
454 1419 505 1477 hac
541 1439 606 1476 voce
637 1419 714 1476 ducta
747 1421 815 1496 apud
835 1427 928 1498 politas
957 1429 1073 1502 tragicos
1094 1428 1179 1488 videri

107 1505 190 1581 longo
212 1523 273 1578 esre
295 1502 388 1580 alpha3
410 1511 465 1561 lum
486 1508 572 1580 ipsum
594 1493 661 1582 α’ήρ
683 1506 714 1560 ab
736 1503 828 1580 Eurip.
850 1525 952 1583 semper
967 1509 1124 1585 producitur,
1146 1515 1179 1570 ab

108 1586 243 1658 Aeschylo
267 1593 373 1646 ouruiuo
395 1607 449 1646 norr
469 1594 627 1663 usurpatur,
657 1607 676 1644 a,
695 1587 896 1672 Sophoclelillo
918 1610 969 1650 uuo
991 1594 1052 1652 loco
1074 1595 1177 1660 dicitur,

195 1665 286 1732 1309.
329 1670 374 1731 cr.
395 1671 430 1732 u.
454 1670 519 1748 cap.
539 1663 572 1732 4.
594 1667 622 1746 r.
643 1659 673 1733 4.
750 1727 753 1732 ,

456 1903 836 2010 nunculium.

191 2117 221 2188 7.
262 2120 354 2180 Libri:
375 2111 547 2218 supprimo
567 2113 698 2182 ὄκνον

256 2196 438 2282 Ἄλγτοτον
458 2197 567 2287 ἔσχον,
588 2201 624 2266 si'
638 2223 688 2276 τις
708 2195 860 2278 Αἰτωλὶς
880 2195 975 2288 ydem.

105 2293 140 2351 ln
159 2290 270 2350 scholiis
296 2293 409 2368 legitur:
438 2284 607 2369 Νυμφίων
634 2281 736 2352 ὄκνον
764 2291 831 2369 (hoo
856 2295 957 2352 librarii
984 2303 1026 2354 est
1052 2297 1177 2375 lemnam

106 2365 275 2455 Νυμφέων
307 2370 341 2430 οἱ.
370 2387 400 2430 τ.
427 2365 682 2456 νυτφευμάτων.
730 2377 862 2453 lntcrpres
894 2382 976 2455 igitur
1011 2375 1178 2464 νυμφάων

106 2462 224 2534 scripsit,
247 2456 317 2532 quod
338 2459 366 2512 in
387 2455 439 2512 La.
461 2475 564 2530 quoquc
585 2458 698 2530 aliisque
718 2459 796 2515 codd.
818 2464 847 2516 irr
860 2455 1015 2541 νυμφίων
1028 2475 1177 2541 corruptum

106 2551 162 2602 cst·
203 2540 246 2602 Cf.
271 2539 303 2596 de
324 2538 537 2607 hermocrate,
561 2557 626 2614 quae
648 2540 683 2596 ad
704 2539 747 2618 Aj.
768 2535 840 2602 2⁰8.
862 2561 943 2618 supra
963 2546 1050 2605 attuli.
1084 2548 1178 2625 Pergit

105 2625 202 2684 deiude
234 2628 436 2702 grammaticus:
460 2615 567 2682 ’ὄκνον
598 2616 633 2679 δὲ
663 2618 723 2683 τὸν
754 2616 881 2707 φόβον·
992 2615 1027 2688 εἰ
1055 2624 1091 2688 δὲ
1125 2645 1177 2710 γρ.

104 2702 216 2784 ὄτλον,
232 2699 297 2782 τήν
309 2698 610 2786 ταλαιπωρίαι...
632 2703 708 2765 Alter
721 2711 850 2784 interpres
872 2707 981 2786 adjecit:
1003 2727 1055 2790 γρ.
1075 2703 1177 2774 ὄτλον

105 2803 131 2852 et
152 2815 178 2869 q.
201 2813 225 2850 s.
268 2791 341 2850 Hinc
362 2781 462 2851 ὄτλον
482 2811 564 2868 paene
585 2806 678 2849 omnes
698 2801 862 2868 receperunt,
887 2792 916 2850 id
937 2801 1024 2852 tumen
1046 2799 1176 2872 improbat

104 2878 140 2936 u.
160 2875 315 2936 Wunderus
336 2880 365 2933 in
385 2875 506 2932 emendd.
530 2874 627 2936 Trach.
649 2893 675 2934 a.
698 2869 790 2936 1841.
813 2877 1020 2946 Grimaeeditis‚
1041 2880 1176 2953 quiahoc

104 2963 219 3020 futurum
241 2963 292 3017 sit:
326 3001 343 3029 „
351 2962 499 3036 nuptiarum
530 2962 587 3016 sire
608 2963 773 3017 matrimonii
801 2979 879 3018 unere
906 2965 1053 3020 miserrimo
1075 2983 1174 3038 preme·

105 3047 186 3111 har;“
207 3071 250 3084 -·
263 3041 355 3101 'fuisse
376 3050 463 3100 autem
484 3043 638 3119 Dejanirsm
658 3051 722 3100 tuac
738 3047 885 3119 innuptam.
913 3041 995 3119 Aequi
1005 3036 1176 3124 νυμφάων

1 3177 2 3185 ,
104 3117 229 3202 didos,
259 3133 290 3182 ut
321 3130 476 3200 saepissime
507 3123 637 3200 ejusmodi
660 3128 783 3199 genitivi,
815 3127 937 3182 miserias
955 3145 975 3181 a
996 3130 1093 3200 nuptiis
1115 3145 1174 3202 pro·

103 3211 208 3276 fectae,
241 3210 298 3265 sive
326 3208 396 3264 mala
425 3223 492 3280 quae
518 3209 551 3262 ob
586 3209 778 3262 matrimonium
805 3207 937 3263 exsistunt
957 3208 1107 3284 siguificats
1127 3228 1175 3268 eas

104 3304 192 3348 auteur
214 3293 290 3386 llsss⁰
318 3305 435 3364 quoque.
464 3305 530 3362 qnae
558 3290 586 3343 in
612 3291 804 3346 matrimonium
831 3292 945 3364 petitur,
979 3291 1048 3349 serre
1076 3301 1174 3369 potest,

103 3375 134 3432 Si
155 3393 219 3430 vero
239 3387 341 3432 οκνον
361 3378 433 3430 erret
454 3371 560 3439 diorum,
585 3369 698 3428 ridicula
717 3388 799 3449 prere
819 3375 899 3430 verba
919 3366 1016 3444 εἴτις
1029 3366 1175 3449 Αἰτωλὶς

103 3448 188 3538 ydor]
210 3463 316 3516 essentr
346 3459 421 3532 qussi
441 3463 526 3514 metus
548 3459 697 3532 nuptiarum
717 3465 773 3514 tam
793 3459 915 3534 frequens
937 3477 969 3517 ac
988 3461 1107 3538 vulgaris
1128 3481 1173 3520 res

103 3547 172 3599 inter
197 3542 299 3619 puellas
328 3539 439 3600 Aetolae
473 3535 584 3602 fuisset!
631 3539 687 3600 Sei
710 3549 855 3618 propter
886 3547 1081 3602 matrimonium
1114 3548 1174 3603 sins

2 3676 4 3682 ,
105 3625 183 3683 dubio
205 3630 233 3684 iu
254 3626 360 3683 Aetolia
381 3643 484 3702 quoque
505 3619 653 3702 complures
681 3627 806 3683 mulieres
833 3625 904 3681 urala
933 3633 998 3683 sunt
1021 3645 1173 3703 perpessae,

103 3728 184 3786 eaque
211 3710 282 3766 mala
311 3709 454 3786 Dejanirae
488 3716 563 3766 erant
595 3713 725 3778 maxima,
753 3712 848 3785 quippe
869 3710 921 3788 ¹eui
953 3718 1077 3766 cornutus
1100 3716 1174 3766 esset

105 3811 226 3870 sponsus,
250 3811 367 3870 quaeque
388 3796 447 3872 ipra
468 3795 584 3870 ingentis
606 3796 756 3852 certaminis
778 3809 859 3850 carra
880 3797 963 3854 esset.
1003 3789 1041 3847 Et
1060 3795 1098 3848 ita
1115 3793 1177 3868 jam
1222 3798 1229 3811 '

104 3876 189 3934 adea
210 3895 313 3952 quoque
334 3875 468 3953 respondi,
490 3895 555 3950 quae
569 3875 672 3940 Wund.
689 3875 723 3934 de
735 3874 823 3936 schol.
844 3881 914 3937 aust.
935 3876 1045 3943 inorruit,
1067 3863 1173 3938 ὄτλον

104 3963 128 4017 si
148 3962 316 4029 scriberetur,
339 3953 383 4017 τιν’
411 3955 560 4042 νυμφεῖα
581 3957 675 4016 debere
696 3966 743 4016 aut
764 3959 799 4016 ad
820 3965 939 4032 tempus,
960 3973 1014 4033 quo
1032 3955 1172 4020 Achelous

103 4045 198 4101 luisset
225 4061 337 4120 prosus,
369 4050 415 4100 eut
441 4042 476 4100 ad
502 4045 589 4117 ipsum
617 4059 725 4118 procura
752 4042 858 4108 referri,
883 4038 913 4096 id
942 4039 1012 4116 qnod
1038 4042 1096 4101 fieri
1116 4061 1171 4102 rrsrr

122 4132 203 4186 osset.
244 4124 299 4184 Sed
319 4125 387 4184 illud
406 4124 560 4184 Wuudsrus
582 4144 636 4184 uon
658 4126 798 4200 cognorit,
827 4125 886 4182 siue
909 4121 986 4186 dubio
1008 4125 1068 4186 ideo
1090 4132 1170 4188 etiarn

102 4201 205 4267 οῐλον
225 4209 257 4264 ab
279 4208 423 4266 editoribus
442 4209 587 4284 praelatum
609 4227 683 4276 esse,
707 4205 778 4282 quod
804 4209 890 4264 rarior·
909 4227 963 4268 vox
984 4219 1069 4280 esset,
1092 4229 1170 4285 quarn

102 4282 218 4367 ὄκνος,
237 4294 327 4368 ioque
353 4309 371 4348 a
394 4293 510 4352 irrrrurs
537 4292 656 4368 murrea
686 4309 748 4352 erre
776 4294 824 4352 vix
849 4300 951 4370 porro.
1002 4291 1056 4352 rus
1086 4297 1171 4370 rguur
