3016 5162
1130 424 1188 490 lll

117 597 161 657 Ex
184 594 307 658 scholio:
331 589 404 658 Καὶ
427 585 486 658 ἵνα
509 590 606 674 θήβη
629 586 787 674 ἀβλαβής
809 586 904 654 ἔσται
926 588 965 654 lic
983 589 1191 670 ταύτηξτῆς

117 677 196 761 γῆς,
222 685 280 762 jam
308 684 429 760 Scaliger
457 690 483 740 et
511 691 573 758 post
605 700 663 740 eum
690 681 806 754 plerique
833 673 921 750 rhod’
948 701 995 758 pro
1028 671 1123 742 τῶνδ’
1149 701 1188 738 re·

119 777 258 843 ceperunt.

203 859 281 925 808.
299 861 403 948 χωρὶς
425 855 464 924 τό
485 855 515 924 τ’
535 853 641 924 εἰπεῖν
662 852 774 923 πολλοὶ
798 853 855 920 καὶ
880 853 929 918 τοὶ
951 851 1079 942 καίρια.
1142 891 1145 902 ·

117 966 199 1044 Hauc
234 965 314 1026 codd.
351 971 464 1024 omnium
497 968 636 1024 lectionem
668 983 745 1022 nemo
781 966 924 1038 vituperet,
961 965 1014 1018 nisi
1048 961 1118 1036 quod
1145 955 1189 1021 aci

119 1041 235 1108 πολλοὶ
252 1043 288 1106 ’τ’
309 1037 418 1108 εἰπεῖν
438 1055 525 1126 potius
547 1056 723 1124 exspectatur.
766 1045 819 1104 Sed
848 1043 993 1102 scholiasta
1015 1035 1056 1103 τὰ
1078 1035 1192 1124 καίρια

119 1133 206 1208 legit3
249 1137 288 1188 ait
322 1137 407 1190 enim:
437 1123 537 1192 Άλλο
569 1125 640 1190 ἐστι
673 1123 713 1189 τὸ
740 1123 906 1210 φλυαρεῖν
936 1121 993 1185 καὶ
1030 1120 1117 1186 ἄλλο
1152 1124 1192 1187 τὸ

119 1207 301 1292 ἀναγκαῖα
328 1209 445 1294 λέγειν.
488 1215 611 1291 idemque
640 1213 736 1272 Suidas
764 1233 798 1270 ex
824 1211 956 1288 Sophocle
984 1211 1078 1282 affert3
1112 1231 1192 1287 quare

119 1299 245 1356 amultis
274 1307 301 1356 et
329 1297 416 1358 doctis
443 1303 508 1366 viris
536 1308 578 1356 est
598 1300 761 1376 praelatum,
790 1300 943 1372 praesertim
967 1313 1061 1371 quum,
1088 1304 1119 1354 ut
1140 1316 1190 1354 suo

115 1383 178 1458 jure
200 1376 298 1440 Elmsl.
325 1391 430 1452 monet,
460 1387 619 1458 exquisitius
645 1390 732 1450 esset,
758 1389 840 1455 'quam
868 1379 940 1455 quod
958 1399 975 1436 a
993 1381 1111 1448 librariis
1132 1400 1191 1458 pro·

119 1465 205 1522 ficisci
233 1470 375 1542 potuisset.
425 1465 527 1530 Quibus
554 1467 704 1544 Reisigius,
732 1467 825 1522 merito
859 1463 962 1538 quidem
992 1463 1104 1522 Seidleri
1132 1483 1191 1522 sen·

119 1552 221 1616 tentia,
245 1553 288 1624 qui
311 1551 448 1608 articulum
474 1555 521 1609 vix
550 1551 643 1610 deesse
664 1567 745 1626 posse
766 1555 917 1618 consumat,
946 1549 1058 1625 rejecta,
1088 1549 1191 1624 objecit,

120 1633 229 1690 facilius
252 1623 294 1691 τό
315 1635 347 1689 ab
370 1633 539 1692 emendatore
560 1637 756 1711 grammaticam
776 1633 893 1709 vulgatis
913 1632 1017 1708 legibus
1039 1631 1192 1690 adstrictam

121 1716 283 1774 observante
304 1719 386 1774 scribi
398 1717 535 1793 potuisse,
558 1737 635 1793 quam
653 1707 708 1778 τά.
742 1716 823 1774 Immo
844 1735 909 1774 rero
929 1715 998 1774 illud
1018 1717 1098 1784 ultro¹
1110 1734 1194 1792 paene

119 1802 149 1854 in
170 1789 218 1854 soi
238 1803 360 1873 transiit,
383 1805 505 1874 quoniam
529 1800 643 1880 καίρια
668 1803 757 1862 statim
782 1801 949 1876 sequebatur.
972 1798 1063 1874 ¹(buin
1084 1817 1117 1858 rie
1138 1807 1193 1856 tum

122 1881 230 1955 quidem
260 1875 300 1940 τὸ
329 1874 447 1962 καίρια
477 1888 629 1941 testimonio
661 1887 874 1953 commentatoris
904 1885 995 1946 nostri·
1010 1881 1192 1952 destituemus,

124 1967 149 2020 si
173 1983 233 2020 crim
257 1964 384 2022 Turnebo
414 1975 440 2025 et
459 1967 593 2026 Brunckio
621 1971 650 2026 in
678 1970 736 2044 ejus
758 1971 927 2026 annotatione
949 1957 989 2024 τὸ
1011 1955 1054 2025 τὰ
1076 1955 1194 2047 καίρια
1305 2022 1309 2031 ,

125 2051 341 2118 restituerimus2
361 2053 422 2132 quia
443 2053 482 2108 sic
504 2051 633 2108 scholium
655 2055 682 2110 in
703 2052 766 2109 Par.
789 2071 814 2108 a.
836 2059 863 2108 et
884 2059 904 2108 t.
927 2051 1032 2128 legitur.

113 2151 117 2156 '
205 2141 280 2208 815.
293 2136 373 2216 Odi.
395 2143 448 2218 τίς
469 2140 501 2210 δ’
521 2141 566 2208 ab
585 2167 629 2230 με
651 2146 755 2211 τῶνδε
775 2143 955 2229 συμμάχων
976 2137 1050 2209 ἕλοι
1069 2140 1150 2228 stip}
1263 2219 1267 2225 ¹

185 2307 188 2315 p
297 2225 422 2313 Κρέων.
450 2212 474 2306 ἦ
494 2227 562 2312 μὴν
583 2226 626 2294 οὐ
649 2225 899 2296 adinebriaris
922 2227 1192 2307 hospitalarius

120 2331 228 2388 Herum:
271 2331 357 2400 „Non
386 2339 429 2388 est
455 2337 598 2391 verisimile
631 2339 671 2392 ita
702 2335 843 2410 scripsisse
872 2335 1046 2411 Sophoclem,
1073 2339 1135 2410 quia
1162 2335 1191 2392 id

120 2433 198 2471 nemo
221 2434 277 2471 non
299 2415 334 2472 ad
355 2407 457 2473 τῶνδε
479 2409 659 2494 συμμάχων
672 2458 680 2475 .
695 2455 726 2473 ..
747 2419 879 2475 relaturus
906 2427 986 2476 esset.
1038 2419 1129 2492 ltaque
1149 2438 1190 2476 re·

121 2501 179 2573 cepi
201 2497 352 2575 Musgrarii
374 2499 548 2574 conjecturam
571 2493 676 2556 τοῦδε.
719 2497 759 2555 Ao
778 2500 844 2574 legit
865 2505 917 2567 ita,
939 2504 967 2556 ni
989 2499 1076 2566 fallor,
1097 2500 1192 2568 schol„

120 2581 192 2656 apud
223 2601 300 2678 ‹puem
329 2585 369 2639 sic
397 2585 523 2660 scriptum
548 2581 687 2658 ridemus:
716 2575 788 2641 Καὶ
807 2576 908 2662 χωρὶς
929 2575 991 2642 τοῦ
1012 2574 1133 2660 λαβεῖν
1153 2595 1193 2642 σε

119 2654 169 2749 ,εἰς
191 2657 349 2744 θηβαο“
394 2701 396 2709 ι
560 2737 562 2741 ,

202 2756 280 2826 864.
305 2753 391 2826 Οἰδ.
413 2757 462 2844 μή
484 2758 549 2846 μοὶρ
571 2753 650 2828 αἵδε
668 2758 832 2845 ’δαίμονες

305 2843 402 2910 ustio
422 2843 458 2928 μ’
479 2843 619 2935 ἄφωνον
640 2847 733 2922 tricis
754 2847 827 2932 γῆς
847 2841 931 2932 α’ρᾶς
953 2845 1013 2944 ἔνο.

120 2947 164 3005 Sic
186 2953 278 3025 inepte
300 2951 372 3021 libri3
395 2950 444 3008 sed
465 2951 566 3012 schot:
588 2945 636 3029 μή
658 2943 794 3034 ἄφωνος
815 2943 976 3031 γενοίμην
996 2943 1045 3022 ἐἰς
1065 2945 1105 3011 τό
1130 2967 1191 3010 κοι-
1283 2995 1288 3018 ,
1331 2957 1335 2964 ’

120 3023 304 3114 ταρᾶσθαὶ
332 3045 387 3107 σε,
420 3054 454 3092 ex
480 3055 531 3110 quo
560 3035 696 3112 Reisigius
726 3057 773 3111 pro
800 3033 862 3112 γῆς
881 3040 997 3092 restituit
1019 3029 1089 3106 σῆς.
1140 3033 1193 3089 Sed

119 3123 208 3190 potest
239 3124 315 3173 vetus
344 3122 474 3191 interpres
501 3122 579 3174 etiam
608 3115 666 3187 τῆς
693 3117 837 3184 habuisse,
870 3116 941 3190 quod
973 3119 1053 3172 ceteri
1078 3135 1093 3171 e
1121 3116 1191 3191 conj.

120 3201 249 3268 anonymi
271 3199 381 3255 editoris
403 3197 585 3255 Lonunnnsis
606 3205 761 3272 posuerunt.

204 3303 281 3373 878.
306 3304 403 3394 Χορ.
496 3353 505 3372 .
524 3299 658 3390 εἰμοὶὃε
681 3307 790 3382 δοκοῖς
813 3309 932 3374 τελεῖν.

304 3390 342 3454 Κ
347 3413 376 3477 ρ.
399 3391 498 3458 δοκῶ.
540 3393 636 3478 Χορ.
651 3387 747 3458 τάνδ’
761 3391 815 3477 ἄρ’
829 3389 937 3462 οὐκέτι
959 3393 1059 3480 νέμω
1081 3391 1191 3462 πόλιν.

127 3487 266 3569 Ταύτην
287 3483 319 3557 δ’
338 3489 407 3580 ἄρα
429 3486 540 3558 οὐκέτι
559 3487 687 3576 νομοῶ
707 3489 817 3568 πόλιν,
838 3488 870 3559 εἰ
890 3494 931 3564 οὐ
953 3492 1092 3574 ἀπάξεις
1114 3495 1192 3562 τοῦ·

122 3595 188 3644 τον.
242 3582 282 3638 lta
307 3581 407 3651 schot,
441 3603 474 3640 ex
504 3603 555 3658 quo
578 3583 675 3645 Surdas
705 3603 730 3644 s,
756 3605 782 3640 v.
812 3577 920 3661 νέμω,
947 3585 1086 3660 Sophoclis
1111 3603 1191 3641 versu

121 3665 232 3739 allato„
249 3671 390 3743 exscripsit
424 3661 535 3746 νομιῶ.
582 3666 670 3731 Quare
701 3675 842 3744 praeeunte
872 3667 1026 3724 Heindorho
1054 3667 1088 3724 ad
1116 3667 1187 3725 Plat.

120 3743 230 3827 Protag.
252 3742 303 3810 73.
326 3771 351 3827 p.
374 3745 446 3810 939.
470 3773 493 3808 ο.
515 3751 589 3808 Rois.
612 3751 707 3808 Eliusl.
729 3751 830 3809 Wund.
853 3754 898 3809 alii
920 3768 954 3810 us
982 3742 1007 3809 ὤ
1028 3759 1189 3826 receperunt,
1232 3744 1234 3747 ’

123 3861 161 3872 -
192 3843 220 3890 et
249 3843 319 3890 recte
348 3835 461 3910 quidem.
509 3833 580 3892 Nam
608 3855 688 3893 versu
716 3835 781 3892 Eur.
803 3835 865 3893 Hel.
890 3770 981 3910 1659.
1004 3825 1189 3915 ἀρχόμεσθ’
1237 3847 1240 3852 ’

21 3967 26 3982 ,
121 3903 186 3991 ἄρ’,
213 3909 254 3974 οὐ
285 3916 469 3996 κρατοῦμεν
502 3937 628 3995 praesens
651 3929 766 4002 'tempus
795 3921 827 3975 ab
858 3921 950 3977 Herm.
979 3921 1094 3976 nondum
1122 3923 1189 3976 satis
1232 3987 1237 3992 ¹

123 3993 258 4056 defensum
280 4001 396 4057 videtur:
418 4007 442 4060 is
465 4007 533 4058 enim
554 4022 647 4058 versus
669 4011 760 4058 nostro
782 4022 835 4058 non
858 4008 962 4060 omnino
985 4003 1134 4079 respondet.
1147 4025 1187 4046 -ὺ

123 4075 156 4137 0.
177 4080 337 4142 Franekium
359 4104 437 4154 vero,
462 4089 508 4160 qui
529 4090 556 4142 in
579 4102 650 4142 cens.
673 4083 740 4141 Oed.
753 4082 812 4140 Col.
831 4083 1027 4143 Wunderianae
1047 4086 1075 4144 in
1091 4087 1186 4144 Zimrn.

86 4221 91 4228 ,
123 4175 186 4217 ann.
216 4162 281 4237 phil.
304 4159 395 4226 1834.
423 4188 448 4244 p.
471 4161 543 4227 543.
572 4167 658 4243 νέμω
685 4167 878 4242 conjunctivum
906 4185 967 4227 esse
992 4177 1018 4225 et
1048 4172 1079 4224 ab
1109 4173 1187 4225 inter·

121 4251 194 4317 prete
209 4263 255 4320 per
265 4247 379 4306 futurum
391 4252 517 4325 explicari
536 4250 677 4320 contendit,
693 4269 745 4306 nou
755 4269 820 4326 opus
830 4259 871 4309 est
883 4261 912 4308 ut
926 4253 1014 4310 multis
1026 4251 1186 4308 refellamus.
