3016 5162
62 664 233 730 sententiis,
258 681 369 738 quocum
391 660 463 737 quod
484 660 519 718 ad
541 663 657 738 tragicos
677 666 771 737 poetar
792 667 900 734 attinet,
922 669 1001 726 etiarn
1018 667 1146 729 (3.ch-

61 745 179 804 hardius
210 749 241 804 iu
272 754 343 816 synt.
365 765 398 821 p.
422 737 495 805 177.
525 747 664 803 consentit.
715 745 869 804 Herodotus
889 749 1010 822 quidem,
1031 771 1084 826 quo
1105 755 1147 810 vir

61 829 174 906 quidam
201 831 370 890 clarissimus
392 829 509 886 futurum
533 837 651 886 nochum
674 833 742 888 tueri
763 828 874 898 studuit,
895 833 924 890 iu
943 832 1020 890 Ll'l.
1040 853 1063 894 c.
1077 829 1148 896 119.

60 917 117 970 ait:
144 907 210 972 καὶ
233 905 304 992 yoip
326 902 547 992 ἄσφαλτον..
565 951 573 967 .
589 952 596 968 .
612 901 856 992 ἁρύσσοντοι*)
876 905 914 970 ἐκ
936 905 1070 988 τούτου,
1093 919 1149 993 jan

61 1005 201 1072 sequente
232 998 293 1081 ejus
320 998 359 1054 rei
389 995 572 1072 descriptione.
620 995 674 1052 Sed
701 999 761 1071 quia
787 1002 813 1054 io
836 1015 869 1054 ca
890 1001 950 1072 ipsa
972 997 1148 1074 descriptione
1188 1049 1191 1054 Δ

60 1079 231 1137 Herodotus
255 1076 310 1155 jam
337 1080 411 1136 solae
437 1082 561 1154 temporis
589 1083 736 1154 praesentis
764 1081 863 1138 formas
893 1078 1015 1149 adhibet,
1045 1081 1151 1157 quidam

61 1169 249 1230 censuerunt,
271 1155 348 1218 etiam
371 1152 531 1239 ca'pdooew
552 1169 717 1237 praesentem
746 1163 860 1237 aliquam
884 1179 944 1220 esse
966 1163 1093 1234 sormam,
1114 1163 1149 1222 F.

60 1247 213 1303 Jacobsius
245 1235 452 1322 οἷρύτονται,
481 1242 516 1302 Α.
538 1241 667 1302 Matthiae
688 1236 848 1328 α’ριλονιαι
875 1245 1056 1306 emendarint.
1099 1247 1152 1306 illa

62 1334 151 1408 igitur
172 1329 259 1385 verba
280 1335 350 1386 certe
371 1327 451 1386 dubia
466 1336 539 1388 sunt.

153 1428 254 1503 ltaque
283 1431 401 1485 certatim
430 1431 462 1485 ah
489 1427 638 1486 hominibus
667 1427 753 1486 doctis
783 1431 948 1506 conjecturae
969 1436 1033 1489 sunt
1053 1449 1149 1508 propo·

63 1515 152 1581 sitae,
184 1531 298 1586 quarum
325 1530 403 1586 quum
434 1518 536 1570 ceterae
564 1516 592 1569 in
623 1511 782 1570 editionibus
816 1513 941 1572 collectae
970 1517 1038 1584 sint,
1070 1533 1149 1574 unam

65 1595 151 1654 affero
175 1593 299 1672 Plluglrii
320 1598 349 1651 in
371 1594 467 1680 Zimm.
490 1615 552 1652 ann.
574 1593 638 1670 phil.
662 1587 754 1655 1836.
775 1615 802 1671 p.
824 1589 896 1656 292.
918 1597 1066 1676 prolatam:

229 1681 354 1754 ἵππιον
376 1677 486 1764 ἕζεται
506 1685 597 1772 ἀμφὶ
618 1684 728 1774 λόφον
749 1685 859 1772 ζυγόν.

64 1794 290 1856 Audacissimam
319 1812 382 1850 vcro
411 1792 536 1850 Triclinii
563 1794 740 1869 conjecturam
767 1798 892 1851 omisisse
918 1799 1002 1853 satius
1029 1799 1087 1852 erit.
1114 1827 1151 1842 -·

67 1880 191 1938 Omnino
223 1875 292 1935 hacc
321 1880 472 1948 mittamus3
498 1877 645 1951 complures
675 1880 745 1935 eniru
776 1885 956 1952 cognoverunt
976 1877 1020 1934 hio
1048 1875 1154 1954 quoqne

70 1979 182 2020 omnem
207 1960 323 2016 salutem
346 1977 362 2014 a
383 1957 536 2026 scholiasta,
559 1961 654 2034 quippe
669 1961 743 2034 cujus
765 1963 896 2016 enarratio
913 1961 1051 2034 aptissima
1073 1968 1154 2030 esset,

69 2049 124 2102 etsi
153 2045 241 2101 libris¹
266 2061 319 2098 non
347 2040 531 2116 responderet,
562 2060 623 2098 csse
652 2041 828 2116 repetendam.
878 2041 925 2098 hit
952 2046 1038 2100 enim:
1069 2035 1102 2103 ot.
1125 2059 1155 2101 τ.

5 2165 6 2174 ÷
69 2117 277 2206 περιβαλών
304 2112 397 2200 αὐτῷ
425 2117 623 2203 §vorarat
645 2118 705 2186 τόν
725 2116 847 2203 λόφον,
867 2118 991 2201 ὑπάγει
1008 2165 1079 2186 ....
1095 2122 1156 2184 κοιλ
1206 2163 1219 2186 .

73 2208 187 2272 λειπει
209 2199 232 2282 ἡ
254 2199 336 2268 dud·
357 2199 423 2266 ὖπό
448 2199 546 2279 ζυγὸν
567 2199 653 2286 ἄγει.
698 2206 758 2273 uuo
781 2211 857 2266 nisus
870 2207 1019 2268 Franckios
1039 2213 1067 2266 in
1083 2207 1153 2266 thesi

72 2296 266 2354 dissertationi
287 2291 435 2368 inaugurali
455 2291 572 2370 Berolini
602 2310 628 2351 a.
651 2284 737 2352 1839
762 2297 875 2368 scriptae
897 2302 924 2350 et
944 2295 1073 2352 laetorum
1096 2293 1152 2350 Ho-

72 2383 173 2438 ratian.
196 2395 274 2450 capp.
295 2379 386 2449 priora
406 2377 549 2431 continenti
576 2391 682 2430 annexa
702 2376 829 2451 conjecit:
888 2427 889 2432 ,

235 2459 344 2531 ἵππον
365 2461 451 2541 ἄναξ
472 2461 538 2550 ἔχει
560 2464 770 2552 ἀμφιβαλών
794 2463 904 2546 ζυγόν.

73 2579 205 2636 Omnium
217 2577 306 2632 autem
316 2575 435 2650 proxime
446 2567 480 2628 ad
490 2589 580 2628 verum
585 2569 701 2627 Wexius
710 2569 815 2628 videtur
826 2575 982 2639 accessisse,
993 2571 1153 2629 emendans:

234 2657 340 2732 ‘o'rrrrov
361 2661 438 2746 ἄγει
459 2661 571 2748 λόφον
591 2659 800 2756 α’μφιβαλών
821 2658 928 2746 ζυγόν.
1037 2741 1050 2754 ,

75 2773 241 2854 cujusmodi
271 2773 368 2848 duplex
386 2775 560 2830 accusativus
585 2773 614 2829 in
642 2770 719 2830 Eun-
737 2767 864 2830 Androm.
894 2791 922 2830 v.
952 2761 1022 2830 110.
1043 2771 1155 2846 legitur:

78 2848 299 2922 δουλοσύναν
324 2847 489 2934 στυγερὰν
509 2845 755 2932 ἀμφιβολοῦσιι
782 2845 886 2932 κάρα,
915 2873 991 2930 qoam
1014 2855 1157 2914 lectionem

77 2943 179 3002 Motth.
203 2951 236 3000 et
256 2939 378 3018 elugi„
401 2959 481 3014 quam
498 2937 580 2998 Diod.
602 2929 690 3014 κάρᾳ
711 2941 861 3014 scripserit,
883 2937 1039 3008 delendont,
1062 2967 1101 2978 -
1134 2945 1161 2992 et

81 3033 110 3086 in
132 3028 201 3086 Em.
229 3025 320 3100 Suppl.
342 3045 368 3080 r.
391 3016 448 3081 68:
471 3013 568 3080 νέκυν
593 3013 801 3103 ἀμφιβαλεῖν
826 3014 933 3097 λυγροὶ
955 3015 1062 3096 μέλη,
1084 3027 1111 3074 et
1131 3022 1159 3074 ia

83 3111 167 3170 Horu.
191 3109 296 3179 Odyss.
317 3107 354 3162 X.
377 3099 456 3165 365:
540 3147 542 3156 .

150 3253 155 3260 .
246 3199 337 3284 α’μφλ
359 3197 396 3260 δέ
417 3219 459 3278 με
478 3195 624 3278 χλαῖναν
644 3189 755 3274 aelric
774 3188 881 3276 βάλεν
902 3185 961 3268 η’δὲ
977 3191 1110 3275 χιτῶνα,

86 3315 133 3385 qui
155 3322 255 3364 versus
277 3300 381 3377 quidem
403 3309 458 3356 tum
481 3299 567 3355 solum
589 3296 640 3354 lmo
660 3301 781 3373 pertinet,
804 3301 827 3356 si
842 3316 899 3354 oum
916 3297 995 3354 lexici
1008 3295 1161 3354 Homerico·

86 3391 229 3452 Pindarici
250 3388 401 3443 auctoribus
420 3386 516 3440 tmesin
537 3381 581 3439 hic
602 3401 661 3439 esse
681 3399 825 3439 censemus.
869 3382 997 3440 Similiter
1007 3379 1163 3438 Herodotus

87 3477 204 3550 denique
230 3466 258 3532 1.
282 3463 352 3530 163.
376 3487 391 3524 a
412 3466 528 3524 Matthia
547 3470 575 3522 in
596 3485 705 3542 gramm.
725 3467 773 3523 Gr.
792 3459 818 3542 ᾗ.
837 3459 909 3526 426.
933 3465 1055 3523 laudatus
1078 3464 1162 3524 dixit:

89 3554 200 3638 τεῖχος
224 3545 474 3632 περιβαλέσθαι
496 3541 557 3621 τήν
579 3542 687 3607 πόλιν.

173 3655 249 3717 illud
279 3658 361 3732 igitur
390 3657 415 3710 si
444 3649 525 3727 Soph.
556 3653 678 3726 scripsit,
709 3654 766 3707 sine
793 3647 871 3705 dnbio
901 3647 934 3704 ad
956 3667 982 3701 v.
1004 3639 1093 3710 344..
1121 3645 1165 3699 ubi

90 3743 145 3817 jam
166 3730 374 3821 ἀμφιβαλών
395 3727 473 3813 ἄνει
496 3735 528 3792 de
549 3737 640 3792 avibus
663 3734 780 3810 dixerat,
802 3737 950 3788 monstrare
972 3729 1070 3795 voluit3
1092 3724 1167 3822 spho-

94 3825 175 3882 liasta
205 3832 293 3880 autem
314 3823 409 3890 verba,
442 3823 493 3877 etsi
524 3831 670 3894 perperam,
714 3821 752 3873 ita
778 3823 868 3890 aperte
896 3813 1061 3870 construxit:
1094 3823 1168 3886 αγει

95 3893 201 3966 ἵππον
220 3895 312 3979 (dno)
337 3896 453 3980 ζυγὸν,
475 3891 684 3981 ἀμφιβαλών
708 3889 808 3974 ζνγὸν
826 3891 935 3978 (περὶ)
958 3886 1076 3973 λόφον.
1097 3890 1168 3949 Nam

99 3992 309 4065 praepositiones
344 3989 531 4062 grammaticus
561 4003 610 4041 suo
645 4001 717 4039 more
753 3980 894 4054 supplerit.
943 3975 1023 4038 Quod
1048 3975 1083 4034 ad
1109 3985 1169 4036 cor.

97 4077 230 4146 ruptionis
256 4073 384 4146 originem
406 4072 520 4135 attinet,
548 4068 663 4122 futrrrum
688 4052 804 4132 ἅζεται
824 4058 938 4117 Wexius
966 4064 1115 4136 suspicatur
1137 4078 1170 4117 ex

170 4242 195 4301 ¹³)
219 4249 251 4292 ira
275 4248 347 4292 Bokk.
372 4248 444 4298 Gaios.
469 4241 613 4292 Baehr.‘alii
643 4257 684 4302 pro
709 4228 859 4308 ripileones
882 4253 909 4288 ex
933 4241 995 4290 λλον.
1018 4249 1041 4286 at
1064 4239 1171 4294 Ganuhr,

108 4314 237 4361 Sankrol'ti.

878 4387 968 4478 .⁷*
