3032 5168
1074 419 1247 524 'en'

122 630 176 689 sed
205 629 270 687 haec
298 631 386 687 rerba·
407 647 466 684 cum
497 630 669 703 sequentihus
696 629 879 705 conjungenda
911 639 986 698 sient,
1020 628 1070 687 lrnc
1099 631 1192 688 modo:
1246 621 1253 634 ’

123 699 207 772 oi'cn
228 705 337 786 αὐδήν
358 703 486 776 ἔκλυον,
509 702 637 783 ταύτην
659 698 807 770 κλύουσα
831 701 926 791 ἔσχον
947 707 1053 794 ὀργάν
1073 723 1138 790 etq.
1159 737 1194 790 sq

123 796 235 854 idest:
265 795 379 860 Qualem
407 794 497 852 audivi
527 813 575 872 ego
603 814 689 870 neque
714 797 899 870 exspectabam
927 801 1045 854 nuntium
1073 799 1192 866 audiens,
1266 843 1271 853 .
1335 854 1338 862 ,

122 879 246 938 dolorem
268 879 349 937 habui
370 885 589 954 nequeuntem,
612 897 697 953 neque
718 897 780 936 uero
802 881 917 936 elmnore
938 879 1091 954 praeditum.
1119 881 1192 939 lilae·
1250 906 1276 950 ¹,

125 967 265 1022 ror-»enim
287 963 321 1020 ael
343 964 464 1038 querelas
486 981 544 1020 eam
565 963 683 1037 impulit,
704 961 753 1018 sod
775 970 865 1018 intutus
887 969 953 1030 erat,
975 970 1005 1020 ut
1026 963 1082 1039 ejus
1102 971 1192 1022 rocem

126 1051 292 1123 reprimeret.
333 1046 452 1122 Repetiit
479 1050 557 1122 polita
581 1047 688 1102 verbum
709 1038 901 1104 alienosne
924 1045 1002 1102 dubio
1025 1050 1192 1120 perspicuita-

126 1135 164 1188 tis
188 1150 278 1186 causa.
321 1130 390 1186 Turn
412 1121 500 1200 αὐδή
524 1133 643 1186 nuntium
666 1130 798 1205 significat
819 1124 854 1184 in'
870 1127 903 1186 Ο.
927 1122 1072 1189 (iotzeth.
1088 1122 1195 1210 ἔργων

123 1205 279 1272 ἀκόντων
300 1203 433 1280 ἀΐοντες
454 1203 584 1286 αὐδάν,
605 1222 632 1269 et
651 1217 678 1270 in
700 1212 766 1270 Eur.
795 1213 873 1269 lonis
902 1233 928 1268 r.
956 1205 1029 1270 919.
1057 1200 1105 1282 εἰς
1138 1193 1195 1282 mle

122 1288 236 1356 acido
258 1285 400 1377 καρύξω,
415 1304 442 1353 et
463 1316 498 1354 ex
518 1295 603 1354 schol.
625 1304 703 1372 atque
718 1297 753 1354 G.
761 1292 909 1354 llermanni
921 1300 1053 1356 sententia
1067 1301 1095 1355 in
1111 1297 1192 1374 Soplr.
1221 1337 1227 1349 .

122 1381 170 1438 El.
193 1375 273 1450 193„
296 1381 323 1438 e't
343 1384 373 1438 in
391 1381 458 1437 Eur.
481 1381 573 1456 Suppl.
594 1373 672 1440 600:
1136 1412 1139 1422 ι

276 1455 342 1524 τίν’
364 1456 476 1524 αὐδάν
496 1456 596 1524 τάνδε
618 1456 816 1546 accepique
836 1456 930 1540 νέαν,

123 1547 197 1624 quod
224 1550 373 1626 exemplum
407 1549 439 1605 C.
474 1547 604 1606 Matthiae
630 1567 733 1624 quoque
761 1553 789 1604 iu
819 1557 932 1623 quaesti.
959 1548 1039 1626 Soplr.
1067 1549 1102 1606 au
1123 1549 1149 1606 h.
1173 1552 1192 1606 l.

122 1632 212 1691 affert.
252 1632 324 1690 lilem
354 1631 484 1689 Matthiae
506 1631 583 1690 docet
603 1623 754 1704 ἐλπίζειν
778 1653 838 1688 esse
859 1636 878 1688 i.
901 1652 931 1706 q,
949 1642 1115 1710 suspectare:
1144 1634 1191 1690 sed

121 1715 173 1774 hac
195 1716 229 1774 tle
250 1736 278 1773 re
299 1715 439 1774 nouandum
458 1713 633 1784 dubitauit*).
653 1715 758 1772 Dcintle
779 1707 839 1774 ellit
859 1709 930 1792 ,βοᾶ
950 1737 996 1792 pro
1019 1717 1072 1794 atlj.
1095 1717 1193 1774 tlictum

123 1808 182 1869 est,
196 1802 278 1873 ¹velut
297 1800 341 1859 Et.
363 1793 435 1858 951.
457 1789 517 1856 τόν
540 1790 745 1874 κασίγνητον
764 1789 829 1880 βίῳ
849 1773 1030 1858 collocent
1055 1789 1084 1857 τ’
1105 1789 1192 1870 alell-

127 1897 262 1950 κουσεν,
287 1884 331 1938 nbi
363 1883 399 1938 cf«
423 1881 522 1949 Herum
550 1881 661 1957 denique
689 1872 765 1940 οὔτε
786 1909 831 1924 --
849 1875 929 1940 οὐδὲ
955 1885 1074 1958 usmpsri
1103 1892 1192 1939 notum

124 1971 184 2035 est,
213 1967 255 2021 uhi
284 1966 394 2023 alterurn
420 1967 560 2022 membrum
586 1968 696 2042 gratius
718 1969 754 2021 sit
775 1969 877 2040 priore;
906 1967 941 2022 cf.
962 1964 1059 2022 hlattlr.
1080 1985 1122 2041 gr.
1145 1965 1194 2025 Gr.

123 2044 152 2126 ξ.
170 2041 245 2110 1199.
269 2039 299 2108 1.
327 2069 350 2106 c.
371 2041 415 2124 β,
438 2052 482 2123 qui
503 2053 545 2104 vir
569 2047 662 2106 doctus
691 2051 827 2122 aptissime
861 2047 952 2105 laudat
977 2049 1042 2106 Eur.
1064 2047 1191 2105 Androm.

118 2125 194 2192 558.
207 2121 341 2208 Myooo'
361 2123 632 2215 dnoondccvtse,
652 2121 728 2190 orire
744 2149 790 2214 τῳ
803 2123 883 2216 δίκῃ
901 2119 1095 2211 Κρίναντεξ,
1117 2124 1193 2190 οὐδὲ

89 2249 95 2255 -
121 2208 200 2285 τούς
220 2207 371 2285 ἀπόντας
399 2208 435 2272 ἐκ
458 2206 571 2294 δόμων
593 2207 796 2284 Melicerten:
825 2225 852 2272 et
879 2219 919 2274 sic
939 2221 996 2293 ipse
1019 2215 1100 2293 Soph.
1124 2215 1192 2273 (ted.

120 2299 182 2358 Col,
205 2294 297 2360 1139.
327 2304 375 2356 ait:
409 2287 482 2358 0ὔί
509 2292 589 2356 εἴτι
608 2293 714 2376 μῆκος
736 2294 800 2358 τῶν
828 2292 937 2376 λόγων
964 2291 1054 2368 {tlon
1075 2294 1195 2372 πλέον,
1273 2346 1277 2364 ,

201 2373 280 2441 Οὐδ’
300 2375 333 2440 ec'
355 2375 422 2462 πρὸ
444 2375 567 2458 τοῦμοῦ
586 2374 778 2460 προῦλαβες
799 2376 844 2440 τοὶ
864 2374 959 2442 τῶνδ’
974 2376 1051 2457 ἔπη.
1093 2381 1191 2460 Aperrc

121 2474 210 2524 sutem
231 2469 338 2543 gravius
360 2475 413 2534 est,
436 2465 506 2540 quod
526 2472 615 2524 tentius
637 2467 759 2522 Electrae
789 2465 864 2522 clolor
893 2467 985 2534 luerit,
1012 2477 1041 2524 ut
1063 2487 1096 2524 ne
1117 2471 1191 2523 vocis

120 2549 227 2626 quitiam
254 2569 361 2626 conrpos
393 2552 532 2618 manserit,
562 2568 638 2624 quam
661 2547 732 2624 quon
751 2547 890 2606 lamentari
911 2549 1028 2623 cupierit.
1070 2549 1192 2623 Denique
1236 2591 1245 2604 .

121 2635 257 2693 simidima
278 2643 326 2692 est
342 2631 468 2704 Aeschyli
491 2636 622 2690 sententia
643 2636 670 2690 in
687 2631 779 2708 Prom.
797 2653 824 2689 v.
847 2625 931 2708 196.ι
950 2633 995 2690 uhi
1015 2630 1191 2690 Prometheus

93 2716 98 2724 ’
122 2727 283 2794 conquestus
306 2718 338 2774 de
360 2717 506 2776 infortunio
528 2737 577 2774 suo
601 2718 748 2775 exclamat:

267 2789 354 2859 Ἀλλ’
373 2791 451 2860 οὔτε
473 2797 577 2878 σιγᾶν
598 2792 674 2860 οὔτε
695 2790 744 2874 μή
765 2792 867 2878 σιγᾶν
888 2787 990 2881 τύχας

273 2870 357 2946 Οἷόν
377 2879 412 2943 τέ
432 2901 492 2963 μοι
513 2873 610 2954 coici'
628 2873 707 2944 ἐστὶ.

122 2971 244 3029 Ceterum
267 2973 292 3028 si
319 2973 377 3044 quis
395 2989 453 3052 lpro
481 2967 642 3028 scholiastae
663 2969 777 3027 lectione
804 2956 884 3028 οἵαν
905 2970 978 3026 malit
1000 2970 1124 3038 librorum
1147 2955 1191 3024 ὃν

123 3057 282 3130 relinquere,
296 3053 415 3129 equidem
438 3073 493 3112 non
513 3054 644 3131 refragor,
665 3057 797 3110 sententia
812 3057 880 3109 enim
894 3058 933 3108 ita
947 3073 1001 3108 non
1016 3060 1139 3107 nrutatur.
1151 3080 1196 3102 —.

124 3139 182 3196 lam
204 3158 268 3196 uero
290 3137 409 3204 Electra,
437 3144 577 3212 postquam
606 3140 725 3192 ruenninit
750 3135 850 3190 doloris
868 3138 988 3190 nuntiata
1003 3135 1094 3190 fratris
1106 3140 1189 3189 urente

124 3221 228 3288 effecti,
257 3220 343 3276 denuo
372 3238 404 3274 se
424 3218 527 3314 'pandis
550 3217 596 3273 ilat
615 3225 723 3312 propter
748 3218 805 3293 ejus
827 3215 982 3274 adventurn:

276 3297 350 3360 Νῦν
370 3291 401 3360 δ’
423 3315 485 3380 spon
507 3314 562 3359 oa·
582 3291 782 3379 προυφάνης
802 3291 840 3360 ‹is'
863 3341 955 3358 ......

207 3385 245 3444 Et
266 3405 322 3444 eam
344 3389 438 3461 ipsam,
454 3403 529 3460 quarn
551 3387 724 3453 restituimus,
745 3385 1060 3445 sententiauullrunckius
1081 3391 1109 3442 in
1131 3405 1188 3441 rer·

123 3477 200 3530 stom
228 3487 279 3528 sua
308 3469 397 3538 allent,
427 3472 547 3544 quamvis
573 3487 608 3528 ex
634 3470 722 3526 verbis
748 3469 880 3546 vulgatis,
909 3489 976 3545 quae
996 3471 1043 3526 ille
1063 3473 1189 3535 servavit,

124 3557 230 3614 mininie
261 3558 349 3632 possit
376 3553 447 3610 elici.
488 3549 558 3610 Nam
585 3556 725 3628 quominus
745 3557 819 3630 prins
840 3543 914 3611 οὔτε
936 3561 1041 3629 putetur
1062 3557 1190 3610 omissum

124 3659 197 3708 esse,
221 3640 295 3696 velut
322 3641 351 3696 in
378 3636 463 3695 Arist.
492 3657 534 3699 av.
553 3629 627 3696 694.
647 3629 690 3714 γῆ
711 3629 743 3696 δ’
765 3627 837 3700 οὐδ’
858 3627 924 3716 α’ἡρ
945 3626 1014 3694 οὔτ’
1040 3626 1191 3712 οὐρανός,

124 3728 151 3780 in
172 3721 254 3799 Soph.
276 3721 348 3783 Phil.
374 3715 446 3782 771.
470 3711 594 3780 ἑκόντα
616 3710 699 3798 μήτ’
719 3710 869 3787 ἄκοντα,
890 3723 919 3776 in
938 3717 1042 3776 llerod.
1062 3717 1108 3774 lv.
1129 3709 1190 3784 23,

123 3807 173 3878 (ei.
196 3809 248 3864 alia
272 3825 317 3884 ap.
342 3806 429 3865 Wex.
460 3809 489 3864 in
509 3803 603 3883 Antig.
628 3805 664 3862 ll.
684 3826 711 3881 p.
736 3797 830 3878 184.)
853 3803 964 3880 impedit
984 3803 1113 3858 orationis
1133 3819 1189 3878 pes·

125 3896 268 3968 spicuitas,
287 3911 356 3966 quae
377 3889 404 3947 h.
426 3891 446 3947 l.
467 3891 656 3948 molestissime
682 3893 722 3947 ita
741 3891 900 3946 turbaretur.
945 3883 1081 3942 Editorum
1103 3894 1190 3944 autern
1265 3937 1270 3945 .

71 4003 76 4016 ·
125 3977 287 4052 conjecturas
308 3981 338 4032 nt
359 3993 418 4031 mes
437 3973 593 4038 audaciores
614 3973 794 4050 neglectisque
816 3969 927 4028 scholiis
949 3971 1033 4026 latrias
1048 3975 1190 4046 praeterire

124 4063 209 4119 satius
231 4058 305 4116 duxi.
326 4054 403 4116 Nihil
424 4061 506 4136 igitur
530 4065 622 4120 restat,
644 4075 721 4134 quam
743 4065 773 4111 ut
795 4064 904 4112 mctrmn
934 4053 1086 4124 intimemus,
1108 4055 1189 4114 simil·

125 4142 213 4197 limum
234 4143 355 4199 versihus
376 4140 444 4200 (leda
467 4140 527 4200 Col.
551 4134 634 4200 1229
654 4157 743 4213 seqq:
842 4151 866 4181 ,-

170 4249 215 4370 gp
237 4262 326 4312 pruner-
359 4255 416 4322 th.
444 4255 472 4302 ml
496 4254 533 4314 Α]-
562 4254 633 4313 198.,
664 4253 700 4300 c'ei
724 4249 840 4314 respondit
863 4252 945 4307 ll‘untl.
970 4255 996 4300 tle
1021 4259 1071 4313 ejus
1096 4253 1131 4302 erl.
1154 4237 1191 4305 nt,
1231 4275 1239 4288 ι

125 4339 147 4385 l·-
234 4335 270 4381 *lle
