3016 5162
373 453 436 524 lut

373 629 468 706 glossa
503 609 592 700 alium
624 611 811 695 ἱππάζεταί
843 628 929 679 ortum
957 639 1034 688 erm
1066 625 1155 696 potest
1187 623 1267 678 etiam
1298 637 1334 690 es
1362 622 1434 679 verbo

373 699 535 781 ἐπάξεται
552 707 700 784 prodiisse,
722 705 792 782 quod
812 719 907 782 postea
927 708 956 762 in
976 724 1006 762 v.
1024 695 1097 764 362.
1117 704 1224 780 legitur.

335 797 338 806 λ
458 808 513 866 Sed
533 807 586 866 hoc
607 825 709 884 quoque
731 807 789 862 loco
812 807 889 862 alteri
903 807 1050 880 interpreti·
1055 805 1111 881 jam
1126 809 1250 880 conopia
1271 815 1330 862 erat
1353 806 1435 865 lectio.

372 895 401 951 ls
423 896 493 952 eninr
515 891 658 967 adscripsit
678 876 703 962 ἢ
724 881 922 968 νίμφίλοφον
944 907 1000 944 curn
1021 889 1196 962 explicatione
1211 887 1290 964 hujus
1311 893 1437 957 vocabuli,

373 985 401 1035 et
422 976 457 1033 ad
477 997 504 1034 v.
525 969 604 1035 352:
626 965 693 1030 οίπί
716 964 827 1029 κοινοῦ
848 963 886 1028 τὸ
908 961 973 1029 ὑπὸ
999 963 1099 1047 ζνγιίν
1119 959 1281 1048 ἄξενος)

435 1069 508 1138 367.
525 1066 603 1132 ποτὲ
623 1067 684 1147 μὲν
700 1061 829 1160 handu,
850 1058 966 1126 ἄλλοτ’
986 1062 1036 1127 ἐπ’
1056 1062 1187 1130 ἐσθλὸν
1210 1055 1330 1150 ἕρπει
1338 1113 1352 1148 ,

525 1147 648 1231 νόμους
669 1166 875 1228 παρειρων
893 1143 1035 1231 χθονός,

523 1231 619 1295 θεῶν
640 1229 669 1294 τ’
692 1227 827 1313 ἔνορκον
849 1223 950 1294 δίκαν

405 1313 410 1328 “
522 1309 697 1399 ὑψίπολις·
721 1309 842 1388 ἄπολις
863 1308 931 1400 ὅτῳ
954 1307 995 1376 τὸ
1015 1308 1064 1395 μή
1089 1309 1199 1380 καλὸν

524 1389 656 1473 ξύνεστι
676 1393 804 1479 τόλμας
820 1391 931 1481 χάριν.

370 1505 484 1566 Verbum
513 1491 680 1584 παριίρειν
708 1503 838 1578 plerisque
867 1521 984 1560 summae
1010 1508 1067 1560 erat
1096 1499 1246 1560 offensioni.
1290 1501 1353 1567 Quo
1377 1504 1440 1562 Her-

371 1608 484 1648 mannns
512 1588 637 1662 exemplis
663 1585 754 1643 docuit
774 1587 916 1664 significari
946 1587 1047 1654 „alieni
1068 1585 1168 1660 aliquid
1187 1590 1339 1644 inserere.“
1385 1587 1441 1645 Hoc

371 1693 435 1730 vero
457 1676 545 1748 ipsum
571 1671 628 1727 fere
657 1689 717 1728 esse
738 1673 758 1727 i.
781 1690 806 1745 q.
831 1669 989 1727 condurdum
1017 1668 1129 1744 ideoque
1150 1681 1266 1728 evertere
1287 1671 1442 1729 Boeckhius

372 1756 485 1818 addidit.
527 1753 581 1814 Sed
605 1761 636 1812 ut
661 1755 744 1812 libere
769 1751 854 1811 dicam
877 1753 947 1829 quod
973 1757 1075 1821 sertio,
1103 1771 1168 1809 sane
1188 1752 1255 1811 haec
1273 1757 1349 1812 verbi
1372 1762 1444 1812 esset

371 1841 546 1918 significatio,
574 1842 601 1896 si
626 1837 671 1895 hic
688 1841 814 1914 scriptum
840 1845 928 1896 esset:
960 1827 1082 1912 νόμους
1110 1829 1258 1914 χθονός’
1275 1830 1446 1917 nupsisse

371 1915 417 1992 ele
438 1917 501 1996 τήν
521 1913 587 1980 cdlv
606 1915 699 1978 θεῶν
719 1915 835 1989 ὃίκηνε
859 1920 928 1991 quod
949 1939 1027 1990 quum
1049 1922 1173 1990 scripturn
1197 1939 1250 1974 non
1272 1925 1318 1987 sit,
1350 1927 1448 1996 utique

371 2025 404 2062 ea
423 2025 467 2062 res
489 2001 662 2065 desideretur,
685 2003 726 2054 cui
748 2000 810 2053 illae
831 2000 905 2070 leges
924 2002 978 2052 sint
990 2001 1115 2052 insertae.
1158 1998 1228 2052 lllud
1249 2008 1327 2065 certe,
1351 2021 1450 2074 quern·

370 2091 413 2142 ris
443 2085 646 2158 quaesivissem,
679 2081 752 2134 nmio
789 2079 910 2150 exemplo
940 2079 1135 2150 comprobatum
1161 2077 1230 2146 vidi,
1264 2078 1453 2157 παρείρειν

369 2167 525 2238 simpliciter
549 2165 571 2217 i.
593 2180 620 2234 q.
641 2157 800 2216 contundere
829 2175 899 2214 esse.
949 2155 1037 2218 lluar'e
1065 2156 1094 2214 h.
1122 2161 1350 2234 quoquotum
1382 2167 1450 2223 aliis

369 2247 404 2304 ad
419 2245 589 2302 scholiastanr
599 2248 718 2299 nostrum
739 2239 872 2318 confinio,
892 2243 937 2316 qui
954 2239 1020 2298 haec
1037 2249 1184 2300 annotans:
1212 2231 1245 2300 Ὁ
1267 2238 1449 2324 πληρῶν

368 2320 449 2396 τούς
470 2316 590 2402 νόμους
612 2319 671 2382 καὶ
691 2315 754 2396 τὴν
775 2315 1009 2400 δικαιοσύνην,
1030 2315 1191 2392 ὑψίπολις
1211 2316 1365 2400 γίνεται,
1396 2335 1444 2388 mi-

329 2461 332 2468 .
367 2415 437 2470 nime
459 2417 549 2486 potest
569 2402 736 2486 παρείρινν
755 2407 863 2482 legisse.
891 2407 973 2466 luumo
995 2408 1060 2480 legit
1082 2411 1140 2463 eine
1161 2407 1239 2466 dubio
1261 2402 1440 2488 περαίνων.

367 2495 413 2553 Sic
434 2491 550 2564 Hesych.
572 2482 773 2568 περαίνει.
804 2482 860 2547 ἐπὶ
888 2482 994 2566 πέρας
1014 2481 1106 2565 ἄγει,
1138 2485 1305 2570 πληροῖ,
1334 2483 1441 2556 ἀνύει.

367 2567 605 2656 περαίνειν,
631 2563 798 2648 ἓξανίειν,
828 2561 1099 2651 οἷποπληροῦν.
1149 2573 1238 2646 Etym.
1269 2575 1340 2633 Gud.
1371 2595 1438 2636 πε-

364 2653 523 2740 ροίνας.’
549 2649 738 2735 πληρώσας.
774 2655 913 2724 Zonaras:
944 2650 1285 2734 πεπερασμένον,
1306 2655 1436 2732 πεπλη-

268 2788 272 2792 .
365 2735 524 2819 ρωμὲνον.
567 2741 693 2796 Similiter
720 2737 772 2795 hoc
797 2741 876 2795 verbo
905 2743 988 2795 ntitnr
1016 2738 1080 2796 Eur.
1102 2739 1164 2796 don.
1191 2733 1287 2800 1569:
1310 2734 1354 2811 ὡς
1377 2761 1435 2800 πε.-
1489 2757 1490 2792 l

365 2815 469 2902 ραίνοι
490 2815 630 2898 πρᾶγμα
652 2815 710 2879 καὶ
730 2814 948 2899 χρησμούς
968 2815 1043 2899 θεῷ
1071 2830 1097 2879 et
1118 2821 1221 2883 Phoen.
1245 2819 1343 2884 1703:
1376 2824 1435 2884 νῦν
1489 2795 1490 2862 l

294 2953 296 2958 .
362 2897 580 2986 χρησμὸς....
594 2894 717 2975 Λοξίου
728 2894 986 2982 nequiveram-
1002 2902 1123 2962 Adidern
1136 2907 1396 2966 inciderunthnd.
1409 2915 1434 2966 in

365 2981 498 3048 enrendd.v
513 2987 641 3046 Trachin.
667 3006 694 3063 p.
719 2983 806 3056 llll„
836 2993 972 3062 aptissime
993 2989 1111 3066 glossam
1131 2988 1222 3066 ,schol
1243 2991 1308 3049 Eur.
1330 2991 1432 3050 Phoco.
1489 2975 1490 3060 l

364 3065 436 3130 589.
458 3066 586 3152 πληροῖ
604 3071 638 3128 ad
659 3060 808 3149 περαίνει
828 3071 985 3146 adscriptam
1008 3075 1153 3140 conserens,
1174 3081 1201 3130 et
1223 3083 1283 3132 ante
1305 3093 1365 3132 entn
1379 3095 1432 3153 paru

365 3155 471 3231 Ptlugk.
493 3158 521 3211 in
543 3155 722 3212 zimmanu.
761 3153 812 3212 iol.-
825 3153 856 3219 ὀ.
880 3148 977 3216 1836.“
993 3176 1020 3232 ρ.
1043 3149 1115 3214 263.
1138 3165 1164 3212 et
1187 3155 1279 3217 Gnosi.
1302 3158 1432 3217 Matthiae
1489 3143 1490 3180 l

361 3240 390 3293 in
410 3245 526 3309 quaestt.
549 3237 630 3310 Soph.
659 3258 685 3312 p.
710 3234 727 3296 l
752 3279 775 3306 .,
801 3242 854 3295 nisi
876 3239 946 3312 quod
973 3239 1002 3296 hi
1024 3239 1075 3296 dno
1097 3243 1147 3296 riri
1169 3233 1350 3320 πειραίνων
1372 3247 1430 3300 scn'·

364 3325 488 3392 pserunt,
514 3336 567 3412 pua
594 3319 765 3392 productione
792 3340 858 3394 opus
887 3341 940 3378 non
969 3325 1033 3391 erit,
1062 3327 1086 3380 si
1114 3343 1171 3383 curn
1198 3321 1334 3382 Boeckhio
1360 3347 1430 3401 repo·
1489 3303 1490 3358 l

364 3403 450 3459 suecis
471 3415 588 3474 παγων
608 3391 790 3482 ὑπαίθρια.
812 3401 884 3458 Nam
903 3405 1014 3477 produci
1033 3424 1114 3480 posse
1126 3407 1180 3469 hoc
1195 3409 1254 3483 jota
1273 3415 1299 3465 et
1311 3407 1429 3467 Boeckh.

365 3491 455 3540 censet
483 3490 510 3550 et
537 3502 571 3538 ex
599 3481 771 3544 Arist'nub.
799 3505 826 3540 v.
848 3478 934 3554 371„
965 3486 1072 3544 laudato
1098 3507 1115 3545 a
1139 3489 1238 3550 Buum.
1263 3495 1292 3550 iu
1319 3511 1429 3568 granum
1489 3519 1490 3532 ν

363 3583 442 3658 arnpl.
457 3576 492 3660 ᾗ.
507 3575 537 3641 7.
560 3590 615 3640 not.
630 3578 679 3642 12.
702 3590 820 3658 apparet,
842 3585 887 3642 ubi
908 3567 1033 3668 αἴθρῖα
1051 3588 1157 3667 legitor.
1191 3588 1269 3646 Adule
1281 3593 1427 3668 exemplum

362 3686 395 3722 ex
421 3670 480 3742 ipso
509 3664 649 3741 Sophocle.
705 3664 753 3722 Ait
784 3671 851 3723 eniur
887 3666 978 3743 Steph.
1007 3669 1071 3742 Byz.
1097 3691 1121 3729 s.
1151 3692 1178 3731 ν.
1204 3665 1427 3754 Ἀνακτόριον,

355 3737 525 3827 Ἀκαρνίας
546 3737 915 3828 πόλις....Σοφοκλῆς’
935 3745 973 3812 δέ
993 3746 1032 3832 pr.
1045 3747 1112 3814 ιδιοὶ
1133 3771 1194 3815 τον
1214 3767 1247 3813 ι·
1272 3749 1427 3833 Ἀνακνό-

359 3845 432 3924 ριον
458 3823 546 3906 τῆςδ’
572 3823 746 3911 ἐπώνυμον
767 3823 905 3912 χθονός.
948 3829 1007 3894 καὶ
1034 3829 1242 3916 Εὐγένιος**)
1265 3833 1301 3897 δὲ
1322 3833 1348 3898 ὁ·
1365 3831 1425 3918 πρί

830 4029 849 4064 α
872 4053 875 4058 .

427 4067 451 4128 *i
469 4077 508 4121 Sic
526 4078 656 4138 Elnslejus.
693 4082 718 4127 ln
736 4082 815 4128 codice
832 4077 932 4138 ἕξεται,
950 4095 1018 4140 supro
1036 4085 1122 4142 scriptu
1140 4099 1169 4144 α,
1188 4087 1256 4145 plone
1272 4096 1298 4134 nt
1315 4087 1374 4132 idern
1385 4087 1423 4136 La.

359 4138 382 4182 ln
400 4145 462 4186 textu
480 4141 547 4186 hebet
565 4152 621 4190 teste
640 4148 757 4205 EimsleJ'o.
783 4149 847 4207 Quod
865 4147 995 4193 Diodorflus
1013 4163 1042 4195 ex
1059 4152 1153 4198 scholiis
1171 4155 1237 4200 affert
1253 4147 1338 4212 ἕζεται
1357 4167 1422 4212 trtrpttt

360 4206 445 4264 scripto
462 4221 493 4270 α,
511 4211 640 4267 typothetre
656 4215 745 4260 videtur
761 4216 839 4274 lapsus
857 4229 917 4260 csse.

425 4273 460 4329 **)
479 4276 510 4319 De
527 4276 571 4320 lios
590 4293 611 4327 v.
630 4279 757 4327 Richterum
775 4283 804 4328 de
821 4284 848 4328 Α.
868 4283 892 4328 S.
912 4283 938 4326 ll.
957 4282 1052 4342 interpp.
1071 4286 1109 4338 Gr,
1128 4300 1151 4344 p.
1171 4289 1212 4334 94.
