<?xml version="1.0" encoding="UTF-8"?>
<!DOCTYPE html PUBLIC "-//W3C//DTD XHTML 1.0 Transitional//EN"
    "http://www.w3.org/TR/xhtml1/DTD/xhtml1-transitional.dtd">
<html xmlns="http://www.w3.org/1999/xhtml" xml:lang="en" lang="en">
 <head>
  <title>
</title>
<meta http-equiv="Content-Type" content="text/html;charset=utf-8" />
  <meta name='ocr-system' content='tesseract 3.04.00' />
  <meta name='ocr-capabilities' content='ocr_page ocr_carea ocr_par ocr_line ocrx_word'/>
</head>
<body>
  <div class='ocr_page' id='page_1' title='image "./desophoclisscho01wolfgoog_0120.png"; bbox 0 0 3016 5162; ppageno 0'>
   <div class='ocr_carea' id='block_1_1' title="bbox 313 367 375 436">
    <p class='ocr_par' dir='ltr' id='par_1_1' title="bbox 313 367 375 436">
     <span class='ocr_line' id='line_1_1' title="bbox 313 367 375 436; baseline 0 0"><span class='ocrx_word' id='word_1_1' title='bbox 313 367 375 436; x_wconf 74' lang='lat' dir='ltr'><strong>1oe</strong></span> 
     </span>
    </p>
   </div>
   <div class='ocr_carea' id='block_1_2' title="bbox 241 498 1455 800">
    <p class='ocr_par' dir='ltr' id='par_1_2' title="bbox 241 498 1455 800">
     <span class='ocr_line' id='line_1_2' title="bbox 241 498 1455 638; baseline -0.007 -37"><span class='ocrx_word' id='word_1_2' title='bbox 241 608 244 614; x_wconf 58' lang='grc'><em>,</em></span> <span class='ocrx_word' id='word_1_3' title='bbox 311 533 352 638; x_wconf 72' lang='lat' dir='ltr'><strong>ori</strong></span> <span class='ocrx_word' id='word_1_4' title='bbox 373 531 439 636; x_wconf 72' lang='grc' dir='ltr'><strong>χᾶρ</strong></span> <span class='ocrx_word' id='word_1_5' title='bbox 461 529 505 598; x_wconf 82' lang='grc' dir='ltr'><strong>ἄν</strong></span> <span class='ocrx_word' id='word_1_6' title='bbox 525 553 607 598; x_wconf 79' lang='grc' dir='ltr'><strong><em>ποτε</em></strong></span> <span class='ocrx_word' id='word_1_7' title='bbox 632 529 696 598; x_wconf 83' lang='grc' dir='ltr'><strong>τῶν</strong></span> <span class='ocrx_word' id='word_1_8' title='bbox 717 529 830 598; x_wconf 79' lang='grc' dir='ltr'><strong><em>ἄλλων</em></strong></span> <span class='ocrx_word' id='word_1_9' title='bbox 850 498 1077 618; x_wconf 55' lang='grc' dir='ltr'><strong><em>ὁδοιπόρον)</em></strong></span> <span class='ocrx_word' id='word_1_10' title='bbox 1104 528 1250 616; x_wconf 75' lang='grc' dir='ltr'><strong><em>πρώταις</em></strong></span> <span class='ocrx_word' id='word_1_11' title='bbox 1276 527 1373 612; x_wconf 79' lang='grc' dir='ltr'><strong><em>ὑμῖν</em></strong></span> <span class='ocrx_word' id='word_1_12' title='bbox 1454 553 1455 564; x_wconf 49' lang='lat'>¹</span> 
     </span>
     <span class='ocr_line' id='line_1_3' title="bbox 311 636 1319 703; baseline -0.008 -22"><span class='ocrx_word' id='word_1_13' title='bbox 311 637 479 703; x_wconf 82' lang='grc' dir='ltr'><strong><em>αντεσχον.</em></strong></span> <span class='ocrx_word' id='word_1_14' title='bbox 544 657 548 672; x_wconf 77' lang='lat'><strong>·</strong></span> <span class='ocrx_word' id='word_1_15' title='bbox 1316 636 1319 639; x_wconf 92' lang='grc'><strong><em>·</em></strong></span> 
     </span>
     <span class='ocr_line' id='line_1_4' title="bbox 398 715 820 800; baseline -0.009 -16"><span class='ocrx_word' id='word_1_16' title='bbox 398 715 468 784; x_wconf 80' lang='grc'><strong>134.</strong></span> <span class='ocrx_word' id='word_1_17' title='bbox 491 722 534 781; x_wconf 80' lang='lat' dir='ltr'><strong>Gt.</strong></span> <span class='ocrx_word' id='word_1_18' title='bbox 556 743 613 800; x_wconf 86' lang='lat' dir='ltr'><strong>cap.</strong></span> <span class='ocrx_word' id='word_1_19' title='bbox 634 717 666 784; x_wconf 83' lang='grc'><strong>6.</strong></span> <span class='ocrx_word' id='word_1_20' title='bbox 688 724 722 781; x_wconf 84' lang='lat' dir='ltr'><strong>ad</strong></span> <span class='ocrx_word' id='word_1_21' title='bbox 743 721 771 780; x_wconf 83' lang='lat' dir='ltr'><strong>h.</strong></span> <span class='ocrx_word' id='word_1_22' title='bbox 792 743 820 780; x_wconf 89' lang='lat' dir='ltr'><strong>v.</strong></span> 
     </span>
    </p>
   </div>
   <div class='ocr_carea' id='block_1_3' title="bbox 309 812 1459 2582">
    <p class='ocr_par' dir='ltr' id='par_1_3' title="bbox 313 812 1231 986">
     <span class='ocr_line' id='line_1_5' title="bbox 399 812 872 900; baseline -0.002 -16"><span class='ocrx_word' id='word_1_23' title='bbox 399 816 469 883; x_wconf 81' lang='lat' dir='ltr'><strong>loo.</strong></span> <span class='ocrx_word' id='word_1_24' title='bbox 492 812 595 900; x_wconf 75' lang='grc' dir='ltr'><strong><em>λόγον</em></strong></span> <span class='ocrx_word' id='word_1_25' title='bbox 616 815 652 882; x_wconf 77' lang='grc' dir='ltr'><strong>εἴ</strong></span> <span class='ocrx_word' id='word_1_26' title='bbox 669 815 734 882; x_wconf 85' lang='grc' dir='ltr'><strong><em>τιν’</em></strong></span> <span class='ocrx_word' id='word_1_27' title='bbox 757 813 872 900; x_wconf 73' lang='grc' dir='ltr'><strong>ἔχεις.</strong></span> 
     </span>
     <span class='ocr_line' id='line_1_6' title="bbox 313 895 1231 986; baseline -0.005 -21"><span class='ocrx_word' id='word_1_28' title='bbox 313 906 368 970; x_wconf 81' lang='lat' dir='ltr'><strong>sio.</strong></span> <span class='ocrx_word' id='word_1_29' title='bbox 389 907 467 967; x_wconf 84' lang='lat' dir='ltr'><strong>codd.</strong></span> <span class='ocrx_word' id='word_1_30' title='bbox 490 911 611 968; x_wconf 84' lang='lat' dir='ltr'><strong>obstante</strong></span> <span class='ocrx_word' id='word_1_31' title='bbox 633 915 731 975; x_wconf 73' lang='lat' dir='ltr'><strong>metro,</strong></span> <span class='ocrx_word' id='word_1_32' title='bbox 753 908 802 963; x_wconf 87' lang='lat' dir='ltr'><strong>sed</strong></span> <span class='ocrx_word' id='word_1_33' title='bbox 823 917 894 966; x_wconf 88' lang='lat' dir='ltr'><strong>recte</strong></span> <span class='ocrx_word' id='word_1_34' title='bbox 915 906 1020 966; x_wconf 69' lang='lat' dir='ltr'><strong>schot:</strong></span> <span class='ocrx_word' id='word_1_35' title='bbox 1042 921 1094 986; x_wconf 76' lang='grc' dir='ltr'><strong>γρ.</strong></span> <span class='ocrx_word' id='word_1_36' title='bbox 1117 895 1231 974; x_wconf 73' lang='grc' dir='ltr'><strong>οἴσεις.</strong></span> 
     </span>
    </p>

    <p class='ocr_par' dir='ltr' id='par_1_4' title="bbox 309 991 1459 2582">
     <span class='ocr_line' id='line_1_7' title="bbox 398 991 1378 1080; baseline -0.008 -12"><span class='ocrx_word' id='word_1_37' title='bbox 398 1002 469 1069; x_wconf 79' lang='grc'><strong>195.</strong></span> <span class='ocrx_word' id='word_1_38' title='bbox 490 1007 576 1068; x_wconf 77' lang='lat' dir='ltr'><strong>coir.</strong></span> <span class='ocrx_word' id='word_1_39' title='bbox 598 991 621 1080; x_wconf 76' lang='grc' dir='ltr'><em>ἦ</em></span> <span class='ocrx_word' id='word_1_40' title='bbox 641 998 727 1063; x_wconf 68' lang='lat' dir='ltr'><strong>&#39;odd</strong></span> <span class='ocrx_word' id='word_1_41' title='bbox 746 1012 775 1062; x_wconf 84' lang='lat' dir='ltr'><strong>et</strong></span> <span class='ocrx_word' id='word_1_42' title='bbox 795 997 897 1078; x_wconf 79' lang='grc' dir='ltr'><em>ἡσθῶ</em></span> <span class='ocrx_word' id='word_1_43' title='bbox 917 1016 944 1064; x_wconf 86' lang='lat' dir='ltr'><strong>et</strong></span> <span class='ocrx_word' id='word_1_44' title='bbox 965 995 1076 1080; x_wconf 72' lang='grc' dir='ltr'><strong>ἥσθω.</strong></span> <span class='ocrx_word' id='word_1_45' title='bbox 1097 1005 1142 1064; x_wconf 82' lang='lat' dir='ltr'><strong>Ad</strong></span> <span class='ocrx_word' id='word_1_46' title='bbox 1154 1008 1262 1080; x_wconf 88' lang='lat' dir='ltr'><strong>primum</strong></span> <span class='ocrx_word' id='word_1_47' title='bbox 1277 1014 1378 1080; x_wconf 86' lang='lat' dir='ltr'><strong>spectat</strong></span> 
     </span>
     <span class='ocr_line' id='line_1_8' title="bbox 312 1079 1457 1157; baseline -0.004 -8"><span class='ocrx_word' id='word_1_48' title='bbox 312 1089 475 1151; x_wconf 71' lang='lat' dir='ltr'><strong>scholiasta:</strong></span> <span class='ocrx_word' id='word_1_49' title='bbox 497 1082 531 1150; x_wconf 82' lang='grc' dir='ltr'><strong>α’.</strong></span> <span class='ocrx_word' id='word_1_50' title='bbox 553 1091 590 1146; x_wconf 84' lang='grc' dir='ltr'><strong>τ.“</strong></span> <span class='ocrx_word' id='word_1_51' title='bbox 604 1081 782 1145; x_wconf 60' lang='lat' dir='ltr'><strong>concodat.</strong></span> <span class='ocrx_word' id='word_1_52' title='bbox 825 1079 904 1146; x_wconf 83' lang='grc' dir='ltr'><strong>Ἆιιὸ</strong></span> <span class='ocrx_word' id='word_1_53' title='bbox 930 1087 991 1148; x_wconf 85' lang='grc' dir='ltr'><strong>τοῦ</strong></span> <span class='ocrx_word' id='word_1_54' title='bbox 1017 1081 1111 1147; x_wconf 64' lang='lat' dir='ltr'><strong>{ouo</strong></span> <span class='ocrx_word' id='word_1_55' title='bbox 1136 1082 1274 1148; x_wconf 81' lang='grc' dir='ltr'><strong><em>τέταται</em></strong></span> <span class='ocrx_word' id='word_1_56' title='bbox 1294 1087 1333 1157; x_wconf 90' lang='lat' dir='ltr'><strong>(i.</strong></span> <span class='ocrx_word' id='word_1_57' title='bbox 1356 1108 1378 1147; x_wconf 85' lang='lat' dir='ltr'><strong>e.</strong></span> <span class='ocrx_word' id='word_1_58' title='bbox 1456 1099 1457 1132; x_wconf 64' lang='lat'><em>³</em></span> 
     </span>
     <span class='ocr_line' id='line_1_9' title="bbox 312 1169 1457 1248; baseline -0.005 -15"><span class='ocrx_word' id='word_1_59' title='bbox 312 1174 418 1234; x_wconf 89' lang='lat' dir='ltr'><strong>ductum</strong></span> <span class='ocrx_word' id='word_1_60' title='bbox 446 1174 517 1244; x_wconf 84' lang='lat' dir='ltr'><strong>est),</strong></span> <span class='ocrx_word' id='word_1_61' title='bbox 547 1173 639 1247; x_wconf 84' lang='lat' dir='ltr'><strong>quibus</strong></span> <span class='ocrx_word' id='word_1_62' title='bbox 667 1173 755 1228; x_wconf 86' lang='lat' dir='ltr'><strong>verbis</strong></span> <span class='ocrx_word' id='word_1_63' title='bbox 788 1173 973 1247; x_wconf 85' lang='lat' dir='ltr'><strong>apostrophum</strong></span> <span class='ocrx_word' id='word_1_64' title='bbox 1004 1174 1139 1248; x_wconf 81' lang='lat' dir='ltr'>explicuit.</span> <span class='ocrx_word' id='word_1_65' title='bbox 1187 1171 1240 1229; x_wconf 85' lang='lat' dir='ltr'><strong>Sed</strong></span> <span class='ocrx_word' id='word_1_66' title='bbox 1274 1169 1379 1228; x_wconf 78' lang='lat' dir='ltr'><strong>additur</strong></span> <span class='ocrx_word' id='word_1_67' title='bbox 1456 1189 1457 1192; x_wconf 69' lang='grc'>’</span> 
     </span>
     <span class='ocr_line' id='line_1_10' title="bbox 312 1239 1379 1336; baseline -0.007 -19"><span class='ocrx_word' id='word_1_68' title='bbox 312 1260 392 1318; x_wconf 84' lang='lat' dir='ltr'><strong>simul</strong></span> <span class='ocrx_word' id='word_1_69' title='bbox 413 1239 510 1336; x_wconf 60' lang='grc' dir='ltr'><strong>γον]</strong></span> <span class='ocrx_word' id='word_1_70' title='bbox 538 1249 619 1314; x_wconf 74' lang='lat' dir='ltr'><strong>arrd</strong></span> <span class='ocrx_word' id='word_1_71' title='bbox 643 1251 716 1332; x_wconf 86' lang='lat' dir='ltr'><strong>(cod.</strong></span> <span class='ocrx_word' id='word_1_72' title='bbox 738 1245 840 1326; x_wconf 77' lang='grc' dir='ltr'><em>ἡστῶ,</em></span> <span class='ocrx_word' id='word_1_73' title='bbox 863 1255 1032 1314; x_wconf 85' lang='lat' dir='ltr'><strong>emendarunt</strong></span> <span class='ocrx_word' id='word_1_74' title='bbox 1052 1256 1098 1315; x_wconf 89' lang='lat' dir='ltr'><strong>Br.</strong></span> <span class='ocrx_word' id='word_1_75' title='bbox 1112 1263 1139 1313; x_wconf 88' lang='lat' dir='ltr'><strong>et</strong></span> <span class='ocrx_word' id='word_1_76' title='bbox 1152 1250 1261 1328; x_wconf 81' lang='lat' dir='ltr'><strong>Elmsl.)</strong></span> <span class='ocrx_word' id='word_1_77' title='bbox 1283 1245 1302 1314; x_wconf 79' lang='lat' dir='ltr'><strong>d</strong></span> <span class='ocrx_word' id='word_1_78' title='bbox 1325 1255 1379 1315; x_wconf 79' lang='grc' dir='ltr'><strong>καὶ</strong></span> 
     </span>
     <span class='ocr_line' id='line_1_11' title="bbox 312 1323 1377 1420; baseline -0.004 -21"><span class='ocrx_word' id='word_1_79' title='bbox 312 1335 462 1420; x_wconf 71' lang='grc' dir='ltr'><strong>βέλτιον.</strong></span> <span class='ocrx_word' id='word_1_80' title='bbox 510 1337 547 1394; x_wconf 80' lang='lat' dir='ltr'><strong>Et</strong></span> <span class='ocrx_word' id='word_1_81' title='bbox 575 1334 642 1397; x_wconf 81' lang='grc' dir='ltr'><strong>στῶ</strong></span> <span class='ocrx_word' id='word_1_82' title='bbox 669 1341 747 1396; x_wconf 81' lang='lat' dir='ltr'><strong>etiam</strong></span> <span class='ocrx_word' id='word_1_83' title='bbox 775 1342 804 1396; x_wconf 93' lang='lat' dir='ltr'><strong>in</strong></span> <span class='ocrx_word' id='word_1_84' title='bbox 831 1339 897 1398; x_wconf 89' lang='lat' dir='ltr'><strong>Ven.</strong></span> <span class='ocrx_word' id='word_1_85' title='bbox 920 1341 1032 1417; x_wconf 86' lang='lat' dir='ltr'><strong>iegitur,</strong></span> <span class='ocrx_word' id='word_1_86' title='bbox 1062 1323 1086 1414; x_wconf 79' lang='grc' dir='ltr'><em>ἦ</em></span> <span class='ocrx_word' id='word_1_87' title='bbox 1106 1334 1175 1398; x_wconf 82' lang='grc' dir='ltr'><strong>στῶ</strong></span> <span class='ocrx_word' id='word_1_88' title='bbox 1195 1348 1281 1396; x_wconf 87' lang='lat' dir='ltr'><strong>autem</strong></span> <span class='ocrx_word' id='word_1_89' title='bbox 1304 1358 1377 1416; x_wconf 87' lang='lat' dir='ltr'><strong>prac-</strong></span> 
     </span>
     <span class='ocr_line' id='line_1_12' title="bbox 311 1421 1380 1499; baseline -0.001 -19"><span class='ocrx_word' id='word_1_90' title='bbox 311 1426 395 1480; x_wconf 84' lang='lat' dir='ltr'><strong>fertur</strong></span> <span class='ocrx_word' id='word_1_91' title='bbox 429 1439 446 1479; x_wconf 94' lang='lat' dir='ltr'><strong>a</strong></span> <span class='ocrx_word' id='word_1_92' title='bbox 481 1421 616 1499; x_wconf 84' lang='lat' dir='ltr'><strong>Reisigio,</strong></span> <span class='ocrx_word' id='word_1_93' title='bbox 656 1423 768 1492; x_wconf 77' lang='lat' dir='ltr'><strong>ElmsL,</strong></span> <span class='ocrx_word' id='word_1_94' title='bbox 803 1422 980 1493; x_wconf 86' lang='lat' dir='ltr'><strong>Doederiino,</strong></span> <span class='ocrx_word' id='word_1_95' title='bbox 1014 1425 1118 1494; x_wconf 63' lang='lat' dir='ltr'><strong>Gaisf„</strong></span> <span class='ocrx_word' id='word_1_96' title='bbox 1156 1421 1275 1492; x_wconf 65' lang='lat' dir='ltr'><strong>Mattio,</strong></span> <span class='ocrx_word' id='word_1_97' title='bbox 1312 1442 1380 1480; x_wconf 87' lang='lat' dir='ltr'><strong>nunc</strong></span> 
     </span>
     <span class='ocr_line' id='line_1_13' title="bbox 313 1505 1381 1586; baseline 0 -22"><span class='ocrx_word' id='word_1_98' title='bbox 313 1511 391 1564; x_wconf 79' lang='lat' dir='ltr'><strong>etiam</strong></span> <span class='ocrx_word' id='word_1_99' title='bbox 417 1525 433 1562; x_wconf 89' lang='lat' dir='ltr'><strong>a</strong></span> <span class='ocrx_word' id='word_1_100' title='bbox 460 1505 607 1564; x_wconf 86' lang='lat' dir='ltr'><strong>Wundcro.</strong></span> <span class='ocrx_word' id='word_1_101' title='bbox 662 1507 783 1564; x_wconf 83' lang='lat' dir='ltr'><strong>inaudita</strong></span> <span class='ocrx_word' id='word_1_102' title='bbox 808 1527 871 1565; x_wconf 83' lang='lat' dir='ltr'><strong>vero</strong></span> <span class='ocrx_word' id='word_1_103' title='bbox 904 1511 1013 1586; x_wconf 88' lang='lat' dir='ltr'><strong>probata</strong></span> <span class='ocrx_word' id='word_1_104' title='bbox 1048 1513 1225 1566; x_wconf 85' lang='lat' dir='ltr'><strong>contractione</strong></span> <span class='ocrx_word' id='word_1_105' title='bbox 1251 1507 1381 1572; x_wconf 76' lang='lat' dir='ltr'><strong>Bruncir,</strong></span> 
     </span>
     <span class='ocr_line' id='line_1_14' title="bbox 312 1573 1458 1670; baseline 0 -22"><span class='ocrx_word' id='word_1_106' title='bbox 312 1587 435 1660; x_wconf 71' lang='lat' dir='ltr'><strong>sonam,</strong></span> <span class='ocrx_word' id='word_1_107' title='bbox 470 1587 574 1650; x_wconf 83' lang='lat' dir='ltr'><strong>Neuius</strong></span> <span class='ocrx_word' id='word_1_108' title='bbox 603 1573 626 1664; x_wconf 69' lang='grc' dir='ltr'><strong><em>ἦ</em></strong></span> <span class='ocrx_word' id='word_1_109' title='bbox 657 1581 751 1650; x_wconf 73' lang='grc' dir='ltr'><strong>ἱοθῶ</strong></span> <span class='ocrx_word' id='word_1_110' title='bbox 776 1599 944 1670; x_wconf 79' lang='lat' dir='ltr'><strong>receperunt,</strong></span> <span class='ocrx_word' id='word_1_111' title='bbox 973 1591 1065 1655; x_wconf 83' lang='lat' dir='ltr'><strong>Herm.</strong></span> <span class='ocrx_word' id='word_1_112' title='bbox 1097 1593 1209 1669; x_wconf 85' lang='lat' dir='ltr'><strong>denique</strong></span> <span class='ocrx_word' id='word_1_113' title='bbox 1238 1611 1269 1649; x_wconf 89' lang='lat' dir='ltr'><strong>ao</strong></span> <span class='ocrx_word' id='word_1_114' title='bbox 1295 1590 1379 1649; x_wconf 81' lang='lat' dir='ltr'><strong>Diod.</strong></span> <span class='ocrx_word' id='word_1_115' title='bbox 1457 1583 1458 1594; x_wconf 45' lang='lat'>¹</span> 
     </span>
     <span class='ocr_line' id='line_1_15' title="bbox 313 1664 1380 1754; baseline 0.002 -25"><span class='ocrx_word' id='word_1_116' title='bbox 313 1664 425 1749; x_wconf 69' lang='grc' dir='ltr'><em>ἔσθ’ὤ,</em></span> <span class='ocrx_word' id='word_1_117' title='bbox 457 1693 534 1750; x_wconf 88' lang='lat' dir='ltr'><strong>quam</strong></span> <span class='ocrx_word' id='word_1_118' title='bbox 560 1677 670 1732; x_wconf 79' lang='lat' dir='ltr'><strong>ioricam</strong></span> <span class='ocrx_word' id='word_1_119' title='bbox 701 1696 783 1752; x_wconf 84' lang='lat' dir='ltr'><strong>neque</strong></span> <span class='ocrx_word' id='word_1_120' title='bbox 807 1697 919 1753; x_wconf 88' lang='lat' dir='ltr'><strong>unquam</strong></span> <span class='ocrx_word' id='word_1_121' title='bbox 946 1676 1015 1754; x_wconf 86' lang='lat' dir='ltr'><strong>apud</strong></span> <span class='ocrx_word' id='word_1_122' title='bbox 1036 1681 1177 1752; x_wconf 77' lang='lat' dir='ltr'><strong>scriptores</strong></span> <span class='ocrx_word' id='word_1_123' title='bbox 1198 1676 1320 1734; x_wconf 52' lang='lat' dir='ltr'><strong>‘Graecos</strong></span> <span class='ocrx_word' id='word_1_124' title='bbox 1342 1679 1380 1731; x_wconf 87' lang='lat' dir='ltr'><strong>in·</strong></span> 
     </span>
     <span class='ocr_line' id='line_1_16' title="bbox 311 1760 1379 1838; baseline 0.002 -26"><span class='ocrx_word' id='word_1_125' title='bbox 311 1769 432 1828; x_wconf 84' lang='lat' dir='ltr'><strong>ventam,</strong></span> <span class='ocrx_word' id='word_1_126' title='bbox 459 1768 486 1816; x_wconf 92' lang='lat' dir='ltr'><strong>et</strong></span> <span class='ocrx_word' id='word_1_127' title='bbox 512 1779 528 1816; x_wconf 89' lang='lat' dir='ltr'><strong>a</strong></span> <span class='ocrx_word' id='word_1_128' title='bbox 548 1767 613 1826; x_wconf 80' lang='lat' dir='ltr'><strong>reti.</strong></span> <span class='ocrx_word' id='word_1_129' title='bbox 636 1778 745 1837; x_wconf 79' lang='lat' dir='ltr'><strong>gramm.</strong></span> <span class='ocrx_word' id='word_1_130' title='bbox 768 1760 875 1819; x_wconf 73' lang='lat' dir='ltr'><strong>disertis</strong></span> <span class='ocrx_word' id='word_1_131' title='bbox 896 1763 984 1819; x_wconf 52' lang='lat' dir='ltr'><strong>rrerbis</strong></span> <span class='ocrx_word' id='word_1_132' title='bbox 1007 1763 1129 1838; x_wconf 85' lang='lat' dir='ltr'><strong>rejectam</strong></span> <span class='ocrx_word' id='word_1_133' title='bbox 1151 1761 1197 1817; x_wconf 89' lang='lat' dir='ltr'><strong>iiie</strong></span> <span class='ocrx_word' id='word_1_134' title='bbox 1218 1763 1259 1816; x_wconf 84' lang='lat' dir='ltr'><strong>rir</strong></span> <span class='ocrx_word' id='word_1_135' title='bbox 1280 1760 1379 1817; x_wconf 87' lang='lat' dir='ltr'><strong>doctis·</strong></span> 
     </span>
     <span class='ocr_line' id='line_1_17' title="bbox 312 1843 1381 1920; baseline 0 -23"><span class='ocrx_word' id='word_1_136' title='bbox 312 1845 396 1899; x_wconf 86' lang='lat' dir='ltr'><strong>simus</strong></span> <span class='ocrx_word' id='word_1_137' title='bbox 423 1863 525 1902; x_wconf 89' lang='lat' dir='ltr'><strong>summa</strong></span> <span class='ocrx_word' id='word_1_138' title='bbox 553 1864 633 1920; x_wconf 85' lang='lat' dir='ltr'><strong>opera</strong></span> <span class='ocrx_word' id='word_1_139' title='bbox 659 1843 799 1903; x_wconf 80' lang='lat' dir='ltr'><strong>defendere</strong></span> <span class='ocrx_word' id='word_1_140' title='bbox 825 1855 944 1915; x_wconf 87' lang='lat' dir='ltr'><strong>conatur,</strong></span> <span class='ocrx_word' id='word_1_141' title='bbox 974 1849 1077 1903; x_wconf 86' lang='lat' dir='ltr'><strong>etiamsi</strong></span> <span class='ocrx_word' id='word_1_142' title='bbox 1107 1848 1245 1903; x_wconf 81' lang='lat' dir='ltr'><strong>lectionem</strong></span> <span class='ocrx_word' id='word_1_143' title='bbox 1267 1851 1295 1899; x_wconf 90' lang='lat' dir='ltr'><strong>et</strong></span> <span class='ocrx_word' id='word_1_144' title='bbox 1317 1846 1381 1900; x_wconf 85' lang='lat' dir='ltr'><strong>sim·</strong></span> 
     </span>
     <span class='ocr_line' id='line_1_18' title="bbox 311 1927 1385 2004; baseline 0.001 -21"><span class='ocrx_word' id='word_1_145' title='bbox 311 1927 482 2002; x_wconf 85' lang='lat' dir='ltr'><strong>plicissimam</strong></span> <span class='ocrx_word' id='word_1_146' title='bbox 522 1936 548 1984; x_wconf 86' lang='lat' dir='ltr'><strong>et</strong></span> <span class='ocrx_word' id='word_1_147' title='bbox 583 1931 658 2004; x_wconf 82' lang='lat' dir='ltr'><strong>gravi</strong></span> <span class='ocrx_word' id='word_1_148' title='bbox 690 1929 849 1986; x_wconf 82' lang='lat' dir='ltr'><strong>scholiorum</strong></span> <span class='ocrx_word' id='word_1_149' title='bbox 877 1935 1032 1985; x_wconf 87' lang='lat' dir='ltr'><strong>auctoritate</strong></span> <span class='ocrx_word' id='word_1_150' title='bbox 1059 1929 1236 1983; x_wconf 84' lang='lat' dir='ltr'><strong>confirmatam</strong></span> <span class='ocrx_word' id='word_1_151' title='bbox 1263 1929 1385 2000; x_wconf 82' lang='lat' dir='ltr'><strong>recipere</strong></span> 
     </span>
     <span class='ocr_line' id='line_1_19' title="bbox 310 2007 1459 2084; baseline -0.003 -20"><span class='ocrx_word' id='word_1_152' title='bbox 310 2009 416 2071; x_wconf 83' lang='lat' dir='ltr'><strong>licebat.</strong></span> <span class='ocrx_word' id='word_1_153' title='bbox 462 2009 532 2065; x_wconf 87' lang='lat' dir='ltr'><strong>Nam</strong></span> <span class='ocrx_word' id='word_1_154' title='bbox 567 2029 624 2064; x_wconf 88' lang='lat' dir='ltr'><strong>earu</strong></span> <span class='ocrx_word' id='word_1_155' title='bbox 656 2013 831 2082; x_wconf 82' lang='lat' dir='ltr'><strong>conjecturam</strong></span> <span class='ocrx_word' id='word_1_156' title='bbox 861 2013 1024 2084; x_wconf 79' lang='lat' dir='ltr'><strong>grammatici</strong></span> <span class='ocrx_word' id='word_1_157' title='bbox 1057 2027 1118 2063; x_wconf 85' lang='lat' dir='ltr'><strong>esse</strong></span> <span class='ocrx_word' id='word_1_158' title='bbox 1150 2007 1288 2079; x_wconf 87' lang='lat' dir='ltr'><strong>quominus</strong></span> <span class='ocrx_word' id='word_1_159' title='bbox 1318 2027 1383 2062; x_wconf 86' lang='lat' dir='ltr'><strong>curn</strong></span> <span class='ocrx_word' id='word_1_160' title='bbox 1425 2040 1427 2048; x_wconf 54' lang='grc' dir='ltr'><strong><em>ι</em></strong></span> <span class='ocrx_word' id='word_1_161' title='bbox 1458 2051 1459 2072; x_wconf 73' lang='lat'><strong>,</strong></span> 
     </span>
     <span class='ocr_line' id='line_1_20' title="bbox 309 2079 1459 2164; baseline -0.007 -16"><span class='ocrx_word' id='word_1_162' title='bbox 309 2091 461 2148; x_wconf 81' lang='lat' dir='ltr'><strong>Hermanno</strong></span> <span class='ocrx_word' id='word_1_163' title='bbox 494 2109 645 2146; x_wconf 85' lang='lat' dir='ltr'><strong>censeamus</strong></span> <span class='ocrx_word' id='word_1_164' title='bbox 679 2089 795 2146; x_wconf 86' lang='lat' dir='ltr'><strong>additum</strong></span> <span class='ocrx_word' id='word_1_165' title='bbox 830 2089 951 2146; x_wconf 85' lang='lat' dir='ltr'><strong>lectionis</strong></span> <span class='ocrx_word' id='word_1_166' title='bbox 978 2087 1106 2164; x_wconf 87' lang='lat' dir='ltr'><strong>judicium</strong></span> <span class='ocrx_word' id='word_1_167' title='bbox 1138 2079 1158 2146; x_wconf 74' lang='lat' dir='ltr'><strong>d</strong></span> <span class='ocrx_word' id='word_1_168' title='bbox 1190 2081 1261 2142; x_wconf 75' lang='lat' dir='ltr'><strong>uui</strong></span> <span class='ocrx_word' id='word_1_169' title='bbox 1293 2080 1381 2162; x_wconf 82' lang='grc' dir='ltr'><strong>βὲλ-</strong></span> <span class='ocrx_word' id='word_1_170' title='bbox 1458 2079 1459 2128; x_wconf 68' lang='lat'>3</span> 
     </span>
     <span class='ocr_line' id='line_1_21' title="bbox 312 2171 1385 2245; baseline -0.003 -16"><span class='ocrx_word' id='word_1_171' title='bbox 312 2188 383 2231; x_wconf 82' lang='grc' dir='ltr'><strong><em>τιον</em></strong></span> <span class='ocrx_word' id='word_1_172' title='bbox 410 2172 514 2228; x_wconf 85' lang='lat' dir='ltr'><strong>videtur</strong></span> <span class='ocrx_word' id='word_1_173' title='bbox 541 2171 675 2244; x_wconf 82' lang='lat' dir='ltr'><strong>impedire.</strong></span> <span class='ocrx_word' id='word_1_174' title='bbox 723 2171 809 2226; x_wconf 89' lang='lat' dir='ltr'><strong>Multo</strong></span> <span class='ocrx_word' id='word_1_175' title='bbox 840 2175 925 2228; x_wconf 87' lang='lat' dir='ltr'><strong>minus</strong></span> <span class='ocrx_word' id='word_1_176' title='bbox 953 2174 1071 2245; x_wconf 91' lang='lat' dir='ltr'><strong>cuiquam</strong></span> <span class='ocrx_word' id='word_1_177' title='bbox 1104 2175 1146 2228; x_wconf 82' lang='lat' dir='ltr'><strong>rir</strong></span> <span class='ocrx_word' id='word_1_178' title='bbox 1174 2187 1291 2226; x_wconf 89' lang='lat' dir='ltr'><strong>summus</strong></span> <span class='ocrx_word' id='word_1_179' title='bbox 1320 2187 1385 2226; x_wconf 89' lang='lat' dir='ltr'><strong>eam</strong></span> 
     </span>
     <span class='ocr_line' id='line_1_22' title="bbox 311 2251 1385 2332; baseline 0 -22"><span class='ocrx_word' id='word_1_180' title='bbox 311 2254 423 2311; x_wconf 85' lang='lat' dir='ltr'><strong>alienam</strong></span> <span class='ocrx_word' id='word_1_181' title='bbox 446 2251 703 2327; x_wconf 71' lang='lat' dir='ltr'><strong>essupersuadehit.</strong></span> <span class='ocrx_word' id='word_1_182' title='bbox 753 2253 843 2332; x_wconf 80' lang='lat' dir='ltr'><strong>Negat</strong></span> <span class='ocrx_word' id='word_1_183' title='bbox 872 2254 976 2329; x_wconf 84' lang='lat' dir='ltr'><strong>quidem</strong></span> <span class='ocrx_word' id='word_1_184' title='bbox 999 2253 1126 2331; x_wconf 79' lang='lat' dir='ltr'><strong>Oedipum</strong></span> <span class='ocrx_word' id='word_1_185' title='bbox 1149 2255 1268 2330; x_wconf 85' lang='lat' dir='ltr'><strong>potuisse</strong></span> <span class='ocrx_word' id='word_1_186' title='bbox 1301 2271 1385 2326; x_wconf 84' lang='lat' dir='ltr'><strong>quae·</strong></span> 
     </span>
     <span class='ocr_line' id='line_1_23' title="bbox 311 2334 1384 2414; baseline 0 -20"><span class='ocrx_word' id='word_1_187' title='bbox 311 2356 386 2406; x_wconf 85' lang='lat' dir='ltr'><strong>rere,</strong></span> <span class='ocrx_word' id='word_1_188' title='bbox 414 2355 476 2394; x_wconf 89' lang='lat' dir='ltr'><strong>num</strong></span> <span class='ocrx_word' id='word_1_189' title='bbox 498 2340 645 2394; x_wconf 80' lang='lat' dir='ltr'><strong>consistere</strong></span> <span class='ocrx_word' id='word_1_190' title='bbox 667 2337 786 2406; x_wconf 86' lang='lat' dir='ltr'><strong>deberet,</strong></span> <span class='ocrx_word' id='word_1_191' title='bbox 815 2357 893 2414; x_wconf 90' lang='lat' dir='ltr'><strong>quum</strong></span> <span class='ocrx_word' id='word_1_192' title='bbox 922 2338 950 2396; x_wconf 94' lang='lat' dir='ltr'><strong>id</strong></span> <span class='ocrx_word' id='word_1_193' title='bbox 976 2340 1063 2395; x_wconf 83' lang='lat' dir='ltr'><strong>iacere</strong></span> <span class='ocrx_word' id='word_1_194' title='bbox 1093 2345 1119 2394; x_wconf 92' lang='lat' dir='ltr'><strong>et</strong></span> <span class='ocrx_word' id='word_1_195' title='bbox 1147 2334 1265 2393; x_wconf 80' lang='lat' dir='ltr'><strong>schoro</strong></span> <span class='ocrx_word' id='word_1_196' title='bbox 1284 2337 1384 2411; x_wconf 80' lang='lat' dir='ltr'><strong>jussus</strong></span> 
     </span>
     <span class='ocr_line' id='line_1_24' title="bbox 311 2408 1385 2497; baseline -0.001 -19"><span class='ocrx_word' id='word_1_197' title='bbox 311 2429 384 2480; x_wconf 87' lang='lat' dir='ltr'><strong>esset</strong></span> <span class='ocrx_word' id='word_1_198' title='bbox 406 2428 433 2479; x_wconf 85' lang='lat' dir='ltr'><strong>et</strong></span> <span class='ocrx_word' id='word_1_199' title='bbox 453 2423 550 2478; x_wconf 82' lang='lat' dir='ltr'><strong>fecisse</strong></span> <span class='ocrx_word' id='word_1_200' title='bbox 571 2439 602 2478; x_wconf 87' lang='lat' dir='ltr'><strong>se</strong></span> <span class='ocrx_word' id='word_1_201' title='bbox 623 2424 700 2479; x_wconf 90' lang='lat' dir='ltr'><strong>etiam</strong></span> <span class='ocrx_word' id='word_1_202' title='bbox 729 2425 787 2497; x_wconf 84' lang='lat' dir='ltr'><strong>ipse</strong></span> <span class='ocrx_word' id='word_1_203' title='bbox 808 2422 971 2490; x_wconf 83' lang='lat' dir='ltr'><strong>indicasset,</strong></span> <span class='ocrx_word' id='word_1_204' title='bbox 1001 2408 1104 2490; x_wconf 74' lang='grc' dir='ltr'><strong><em>οὕτως</em></strong></span> <span class='ocrx_word' id='word_1_205' title='bbox 1124 2425 1299 2494; x_wconf 80' lang='lat' dir='ltr'><strong>interrogans.</strong></span> <span class='ocrx_word' id='word_1_206' title='bbox 1345 2418 1385 2478; x_wconf 80' lang='lat' dir='ltr'><strong>m</strong></span> 
     </span>
     <span class='ocr_line' id='line_1_25' title="bbox 312 2505 1381 2582; baseline 0 -20"><span class='ocrx_word' id='word_1_207' title='bbox 312 2505 489 2564; x_wconf 83' lang='lat' dir='ltr'><strong>choruscum</strong></span> <span class='ocrx_word' id='word_1_208' title='bbox 512 2505 692 2562; x_wconf 88' lang='lat' dir='ltr'><strong>tantummodo</strong></span> <span class='ocrx_word' id='word_1_209' title='bbox 718 2507 788 2563; x_wconf 89' lang='lat' dir='ltr'><strong>ultra</strong></span> <span class='ocrx_word' id='word_1_210' title='bbox 816 2524 920 2582; x_wconf 86' lang='lat' dir='ltr'><strong>rupem,</strong></span> <span class='ocrx_word' id='word_1_211' title='bbox 943 2505 977 2563; x_wconf 89' lang='lat' dir='ltr'><strong>ad</strong></span> <span class='ocrx_word' id='word_1_212' title='bbox 998 2523 1075 2581; x_wconf 84' lang='lat' dir='ltr'><strong>quam</strong></span> <span class='ocrx_word' id='word_1_213' title='bbox 1096 2511 1268 2580; x_wconf 80' lang='lat' dir='ltr'><strong>pervenerat,</strong></span> <span class='ocrx_word' id='word_1_214' title='bbox 1289 2520 1381 2579; x_wconf 85' lang='lat' dir='ltr'><strong>proce·</strong></span> 
     </span>
    </p>
   </div>
   <div class='ocr_carea' id='block_1_4' title="bbox 260 2587 1405 2852">
    <p class='ocr_par' dir='ltr' id='par_1_5' title="bbox 260 2587 1461 2852">
     <span class='ocr_line' id='line_1_26' title="bbox 260 2587 1405 2680; baseline -0.002 -32"><span class='ocrx_word' id='word_1_215' title='bbox 260 2629 264 2648; x_wconf 84' lang='grc'><strong>.</strong></span> <span class='ocrx_word' id='word_1_216' title='bbox 313 2590 539 2657; x_wconf 78' lang='lat' dir='ltr'><strong>derevstuerat,</strong></span> <span class='ocrx_word' id='word_1_217' title='bbox 553 2587 661 2647; x_wconf 86' lang='lat' dir='ltr'><strong>dicen-s:</strong></span> <span class='ocrx_word' id='word_1_218' title='bbox 713 2619 718 2624; x_wconf 93' lang='lat'><em>·</em></span> <span class='ocrx_word' id='word_1_219' title='bbox 1321 2673 1323 2680; x_wconf 18' lang='lat' dir='ltr'>y</span> <span class='ocrx_word' id='word_1_220' title='bbox 1402 2641 1405 2648; x_wconf 79' lang='grc'><strong>.</strong></span> 
     </span>
     <span class='ocr_line' id='line_1_27' title="bbox 515 2681 968 2768; baseline 0.004 -24"><span class='ocrx_word' id='word_1_221' title='bbox 515 2683 636 2763; x_wconf 79' lang='grc' dir='ltr'><strong><em>μηκέτι</em></strong></span> <span class='ocrx_word' id='word_1_222' title='bbox 657 2681 753 2768; x_wconf 52' lang='grc' dir='ltr'><strong><em>τοῦδ’,</em></strong></span> <span class='ocrx_word' id='word_1_223' title='bbox 769 2681 968 2767; x_wconf 82' lang='grc' dir='ltr'><strong><em>α’ντιιιέτρου</em></strong></span> 
     </span>
     <span class='ocr_line' id='line_1_28' title="bbox 513 2763 1010 2852; baseline 0.004 -24"><span class='ocrx_word' id='word_1_224' title='bbox 513 2763 662 2851; x_wconf 76' lang='grc' dir='ltr'><strong><em>βήματος</em></strong></span> <span class='ocrx_word' id='word_1_225' title='bbox 683 2763 745 2842; x_wconf 66' lang='grc' dir='ltr'><strong>ἔξω</strong></span> <span class='ocrx_word' id='word_1_226' title='bbox 767 2764 857 2831; x_wconf 79' lang='grc' dir='ltr'><strong><em>πόδα</em></strong></span> <span class='ocrx_word' id='word_1_227' title='bbox 879 2766 1010 2852; x_wconf 66' lang='grc' dir='ltr'><strong><em>κλίνης,</em></strong></span> 
     </span>
    </p>
   </div>
   <div class='ocr_carea' id='block_1_5' title="bbox 313 2857 1379 3032">
    <p class='ocr_par' dir='ltr' id='par_1_6' title="bbox 313 2857 1379 3032">
     <span class='ocr_line' id='line_1_29' title="bbox 313 2857 1378 2949; baseline 0 -17"><span class='ocrx_word' id='word_1_228' title='bbox 313 2875 356 2932; x_wconf 90' lang='lat' dir='ltr'><strong>cui</strong></span> <span class='ocrx_word' id='word_1_229' title='bbox 383 2871 492 2948; x_wconf 78' lang='lat' dir='ltr'><strong>impprio</strong></span> <span class='ocrx_word' id='word_1_230' title='bbox 522 2890 553 2928; x_wconf 85' lang='lat' dir='ltr'><strong>se</strong></span> <span class='ocrx_word' id='word_1_231' title='bbox 582 2875 691 2947; x_wconf 86' lang='lat' dir='ltr'><strong>obsequi</strong></span> <span class='ocrx_word' id='word_1_232' title='bbox 719 2870 835 2948; x_wconf 84' lang='lat' dir='ltr'><strong>Oedipus</strong></span> <span class='ocrx_word' id='word_1_233' title='bbox 863 2873 1084 2949; x_wconf 84' lang='lat' dir='ltr'><strong>interrogatione:</strong></span> <span class='ocrx_word' id='word_1_234' title='bbox 1107 2857 1227 2947; x_wconf 68' lang='grc' dir='ltr'><strong><em>οὕτωςς</em></strong></span> <span class='ocrx_word' id='word_1_235' title='bbox 1252 2872 1378 2932; x_wconf 81' lang='lat' dir='ltr'><strong>ostendit.</strong></span> 
     </span>
     <span class='ocr_line' id='line_1_30' title="bbox 314 2951 1379 3032; baseline -0.004 -18"><span class='ocrx_word' id='word_1_236' title='bbox 314 2955 369 3014; x_wconf 88' lang='lat' dir='ltr'><strong>Sed</strong></span> <span class='ocrx_word' id='word_1_237' title='bbox 388 2963 491 3032; x_wconf 85' lang='lat' dir='ltr'><strong>poterat</strong></span> <span class='ocrx_word' id='word_1_238' title='bbox 520 2961 606 3012; x_wconf 66' lang='lat' dir='ltr'><strong>minen</strong></span> <span class='ocrx_word' id='word_1_239' title='bbox 634 2959 712 3013; x_wconf 85' lang='lat' dir='ltr'><strong>etiam</strong></span> <span class='ocrx_word' id='word_1_240' title='bbox 739 2956 773 3013; x_wconf 89' lang='lat' dir='ltr'><strong>ad</strong></span> <span class='ocrx_word' id='word_1_241' title='bbox 795 2951 913 3014; x_wconf 80' lang='lat' dir='ltr'><strong>dextram</strong></span> <span class='ocrx_word' id='word_1_242' title='bbox 934 2959 992 3014; x_wconf 85' lang='lat' dir='ltr'><strong>sive</strong></span> <span class='ocrx_word' id='word_1_243' title='bbox 1014 2957 1148 3012; x_wconf 86' lang='lat' dir='ltr'><strong>sinistram</strong></span> <span class='ocrx_word' id='word_1_244' title='bbox 1168 2961 1268 3032; x_wconf 87' lang='lat' dir='ltr'><strong>partem</strong></span> <span class='ocrx_word' id='word_1_245' title='bbox 1290 2956 1379 3030; x_wconf 72' lang='lat' dir='ltr'><strong>prince-</strong></span> 
     </span>
    </p>
   </div>
   <div class='ocr_carea' id='block_1_6' title="bbox 312 3041 1379 3210">
    <p class='ocr_par' dir='ltr' id='par_1_7' title="bbox 312 3041 1379 3210">
     <span class='ocr_line' id='line_1_31' title="bbox 314 3041 1379 3117; baseline -0.005 -18"><span class='ocrx_word' id='word_1_246' title='bbox 314 3041 374 3099; x_wconf 84' lang='lat' dir='ltr'><strong>dere</strong></span> <span class='ocrx_word' id='word_1_247' title='bbox 393 3042 492 3117; x_wconf 87' lang='lat' dir='ltr'><strong>juberi,</strong></span> <span class='ocrx_word' id='word_1_248' title='bbox 515 3059 595 3115; x_wconf 80' lang='lat' dir='ltr'><strong>quare</strong></span> <span class='ocrx_word' id='word_1_249' title='bbox 616 3043 723 3098; x_wconf 86' lang='lat' dir='ltr'><strong>minime</strong></span> <span class='ocrx_word' id='word_1_250' title='bbox 751 3045 840 3116; x_wconf 81' lang='lat' dir='ltr'><strong>inepta</strong></span> <span class='ocrx_word' id='word_1_251' title='bbox 867 3048 924 3098; x_wconf 89' lang='lat' dir='ltr'><strong>erat</strong></span> <span class='ocrx_word' id='word_1_252' title='bbox 945 3043 1082 3115; x_wconf 87' lang='lat' dir='ltr'><strong>quaestio,</strong></span> <span class='ocrx_word' id='word_1_253' title='bbox 1108 3059 1171 3098; x_wconf 90' lang='lat' dir='ltr'><strong>num</strong></span> <span class='ocrx_word' id='word_1_254' title='bbox 1200 3043 1306 3098; x_wconf 90' lang='lat' dir='ltr'><strong>cumino</strong></span> <span class='ocrx_word' id='word_1_255' title='bbox 1330 3041 1379 3096; x_wconf 87' lang='lat' dir='ltr'><strong>sibi</strong></span> 
     </span>
     <span class='ocr_line' id='line_1_32' title="bbox 312 3119 966 3210; baseline -0.008 -26"><span class='ocrx_word' id='word_1_256' title='bbox 312 3124 509 3210; x_wconf 80' lang='lat' dir='ltr'><strong>consistendum</strong></span> <span class='ocrx_word' id='word_1_257' title='bbox 532 3129 613 3182; x_wconf 79' lang='lat' dir='ltr'><strong>esset</strong></span> <span class='ocrx_word' id='word_1_258' title='bbox 962 3119 966 3126; x_wconf 80' lang='grc'><strong>’</strong></span> 
     </span>
    </p>
   </div>
   <div class='ocr_carea' id='block_1_7' title="bbox 397 3213 1034 3302">
    <p class='ocr_par' dir='ltr' id='par_1_8' title="bbox 397 3213 1034 3302">
     <span class='ocr_line' id='line_1_33' title="bbox 397 3213 1034 3302; baseline 0.002 -19"><span class='ocrx_word' id='word_1_259' title='bbox 397 3217 471 3284; x_wconf 79' lang='lat'><strong>204.</strong></span> <span class='ocrx_word' id='word_1_260' title='bbox 492 3214 645 3284; x_wconf 78' lang='grc' dir='ltr'><strong><em>αὔδασον</em></strong></span> <span class='ocrx_word' id='word_1_261' title='bbox 666 3217 720 3293; x_wconf 78' lang='grc' dir='ltr'><strong>τὶς</strong></span> <span class='ocrx_word' id='word_1_262' title='bbox 741 3217 773 3282; x_wconf 85' lang='lat' dir='ltr'><strong>o&#39;</strong></span> <span class='ocrx_word' id='word_1_263' title='bbox 793 3213 872 3300; x_wconf 70' lang='grc' dir='ltr'><strong>ἔφυ</strong></span> <span class='ocrx_word' id='word_1_264' title='bbox 892 3215 1034 3302; x_wconf 80' lang='grc' dir='ltr'><em>βροτῶν.</em></span> 
     </span>
    </p>
   </div>
   <div class='ocr_carea' id='block_1_8' title="bbox 313 3303 1381 3567">
    <p class='ocr_par' dir='ltr' id='par_1_9' title="bbox 313 3303 1381 3567">
     <span class='ocr_line' id='line_1_34' title="bbox 314 3303 1381 3408; baseline 0.003 -28"><span class='ocrx_word' id='word_1_265' title='bbox 314 3320 377 3402; x_wconf 79' lang='lat' dir='ltr'><strong>Alii</strong></span> <span class='ocrx_word' id='word_1_266' title='bbox 391 3321 468 3378; x_wconf 84' lang='lat' dir='ltr'><strong>codd.</strong></span> <span class='ocrx_word' id='word_1_267' title='bbox 490 3325 544 3404; x_wconf 82' lang='lat' dir='ltr'><strong>ita,</strong></span> <span class='ocrx_word' id='word_1_268' title='bbox 573 3325 619 3380; x_wconf 89' lang='lat' dir='ltr'><strong>alii</strong></span> <span class='ocrx_word' id='word_1_269' title='bbox 640 3313 671 3381; x_wconf 79' lang='grc' dir='ltr'><strong>α’</strong></span> <span class='ocrx_word' id='word_1_270' title='bbox 693 3328 825 3383; x_wconf 76' lang='lat' dir='ltr'><strong>omittunt.</strong></span> <span class='ocrx_word' id='word_1_271' title='bbox 877 3325 931 3385; x_wconf 82' lang='lat' dir='ltr'><strong>Sed</strong></span> <span class='ocrx_word' id='word_1_272' title='bbox 956 3323 1040 3381; x_wconf 86' lang='lat' dir='ltr'><strong>schol.</strong></span> <span class='ocrx_word' id='word_1_273' title='bbox 1062 3330 1131 3398; x_wconf 80' lang='lat' dir='ltr'><strong>reste</strong></span> <span class='ocrx_word' id='word_1_274' title='bbox 1158 3339 1208 3405; x_wconf 77' lang='grc' dir='ltr'><strong>γρ.</strong></span> <span class='ocrx_word' id='word_1_275' title='bbox 1229 3303 1280 3392; x_wconf 66' lang='lat' dir='ltr'><strong>vde</strong></span> <span class='ocrx_word' id='word_1_276' title='bbox 1300 3314 1381 3408; x_wconf 66' lang='grc' dir='ltr'><strong><em>ἔφυς</em></strong></span> 
     </span>
     <span class='ocr_line' id='line_1_35' title="bbox 313 3404 1378 3485; baseline 0.005 -22"><span class='ocrx_word' id='word_1_277' title='bbox 313 3409 413 3481; x_wconf 86' lang='lat' dir='ltr'><strong>inqrrit,</strong></span> <span class='ocrx_word' id='word_1_278' title='bbox 440 3404 510 3480; x_wconf 80' lang='lat' dir='ltr'><strong>quod</strong></span> <span class='ocrx_word' id='word_1_279' title='bbox 539 3409 590 3464; x_wconf 90' lang='lat' dir='ltr'><strong>etsi</strong></span> <span class='ocrx_word' id='word_1_280' title='bbox 620 3415 757 3482; x_wconf 85' lang='lat' dir='ltr'><strong>praeterea</strong></span> <span class='ocrx_word' id='word_1_281' title='bbox 782 3415 810 3464; x_wconf 90' lang='lat' dir='ltr'><strong>in</strong></span> <span class='ocrx_word' id='word_1_282' title='bbox 836 3409 895 3466; x_wconf 89' lang='lat' dir='ltr'><strong>scio</strong></span> <span class='ocrx_word' id='word_1_283' title='bbox 923 3407 986 3464; x_wconf 84' lang='lat' dir='ltr'><strong>Par.</strong></span> <span class='ocrx_word' id='word_1_284' title='bbox 1008 3408 1028 3464; x_wconf 81' lang='lat' dir='ltr'><strong>i.</strong></span> <span class='ocrx_word' id='word_1_285' title='bbox 1058 3407 1172 3485; x_wconf 84' lang='lat' dir='ltr'><strong>legitur,</strong></span> <span class='ocrx_word' id='word_1_286' title='bbox 1201 3410 1233 3467; x_wconf 86' lang='lat' dir='ltr'><strong>ab</strong></span> <span class='ocrx_word' id='word_1_287' title='bbox 1256 3415 1378 3468; x_wconf 84' lang='lat' dir='ltr'><strong>omnibus</strong></span> 
     </span>
     <span class='ocr_line' id='line_1_36' title="bbox 314 3491 680 3567; baseline -0.005 -19"><span class='ocrx_word' id='word_1_288' title='bbox 314 3491 459 3552; x_wconf 86' lang='lat' dir='ltr'><strong>editoribus</strong></span> <span class='ocrx_word' id='word_1_289' title='bbox 482 3495 523 3546; x_wconf 89' lang='lat' dir='ltr'><strong>est</strong></span> <span class='ocrx_word' id='word_1_290' title='bbox 537 3497 680 3567; x_wconf 85' lang='lat' dir='ltr'><strong>receptum.</strong></span> 
     </span>
    </p>
   </div>
   <div class='ocr_carea' id='block_1_9' title="bbox 196 3579 1380 4110">
    <p class='ocr_par' dir='ltr' id='par_1_10' title="bbox 397 3579 1268 3660">
     <span class='ocr_line' id='line_1_37' title="bbox 397 3579 1268 3660; baseline 0.003 -10"><span class='ocrx_word' id='word_1_291' title='bbox 397 3583 471 3651; x_wconf 77' lang='lat'><strong>205.</strong></span> <span class='ocrx_word' id='word_1_292' title='bbox 492 3579 543 3660; x_wconf 76' lang='grc' dir='ltr'><strong>τίς</strong></span> <span class='ocrx_word' id='word_1_293' title='bbox 563 3580 613 3650; x_wconf 77' lang='grc' dir='ltr'><strong>ὢν</strong></span> <span class='ocrx_word' id='word_1_294' title='bbox 633 3582 829 3658; x_wconf 77' lang='grc' dir='ltr'><strong><em>πολύπονος.</em></strong></span> <span class='ocrx_word' id='word_1_295' title='bbox 1265 3627 1268 3638; x_wconf 94' lang='lat'><em>·</em></span> 
     </span>
    </p>

    <p class='ocr_par' dir='ltr' id='par_1_11' title="bbox 196 3660 1380 3922">
     <span class='ocr_line' id='line_1_38' title="bbox 196 3660 1380 3770; baseline -0.001 -33"><span class='ocrx_word' id='word_1_296' title='bbox 196 3738 199 3744; x_wconf 82' lang='grc'><strong>,</strong></span> <span class='ocrx_word' id='word_1_297' title='bbox 244 3660 250 3674; x_wconf 38' lang='lat'>⁸</span> <span class='ocrx_word' id='word_1_298' title='bbox 314 3679 359 3737; x_wconf 89' lang='lat' dir='ltr'><strong>Sic</strong></span> <span class='ocrx_word' id='word_1_299' title='bbox 382 3677 444 3734; x_wconf 91' lang='lat' dir='ltr'><strong>libri</strong></span> <span class='ocrx_word' id='word_1_300' title='bbox 472 3695 576 3744; x_wconf 87' lang='lat' dir='ltr'><strong>omnes,</strong></span> <span class='ocrx_word' id='word_1_301' title='bbox 602 3693 685 3769; x_wconf 71' lang='lat' dir='ltr'><strong>neqpe</strong></span> <span class='ocrx_word' id='word_1_302' title='bbox 712 3674 765 3770; x_wconf 67' lang='lat' dir='ltr'><strong>aiio</strong></span> <span class='ocrx_word' id='word_1_303' title='bbox 787 3681 906 3769; x_wconf 58' lang='lat' dir='ltr'><strong>spectaui</strong></span> <span class='ocrx_word' id='word_1_304' title='bbox 926 3671 1041 3733; x_wconf 86' lang='lat' dir='ltr'><strong>scholia:</strong></span> <span class='ocrx_word' id='word_1_305' title='bbox 1075 3665 1136 3745; x_wconf 79' lang='grc' dir='ltr'><strong>Τίς</strong></span> <span class='ocrx_word' id='word_1_306' title='bbox 1156 3664 1202 3736; x_wconf 75' lang='lat' dir='ltr'><strong>do</strong></span> <span class='ocrx_word' id='word_1_307' title='bbox 1222 3665 1290 3760; x_wconf 73' lang='grc' dir='ltr'><strong>ἄγῃ</strong></span> <span class='ocrx_word' id='word_1_308' title='bbox 1313 3667 1380 3736; x_wconf 80' lang='grc' dir='ltr'><strong>α’πὸ</strong></span> 
     </span>
     <span class='ocr_line' id='line_1_39' title="bbox 210 3746 1380 3845; baseline 0.003 -25"><span class='ocrx_word' id='word_1_309' title='bbox 210 3799 214 3805; x_wconf 76' lang='lat'><strong>·</strong></span> <span class='ocrx_word' id='word_1_310' title='bbox 311 3756 377 3834; x_wconf 77' lang='grc' dir='ltr'><strong>τῆς</strong></span> <span class='ocrx_word' id='word_1_311' title='bbox 397 3755 459 3833; x_wconf 81' lang='grc' dir='ltr'><strong>σῆς</strong></span> <span class='ocrx_word' id='word_1_312' title='bbox 478 3750 622 3829; x_wconf 69' lang='grc' dir='ltr'><strong><em>αόλειιςς</em></strong></span> <span class='ocrx_word' id='word_1_313' title='bbox 644 3775 666 3830; x_wconf 85' lang='grc' dir='ltr'><em>η</em></span> <span class='ocrx_word' id='word_1_314' title='bbox 688 3747 788 3817; x_wconf 72' lang='grc' dir='ltr'><strong><em>οὕτω·</em></strong></span> <span class='ocrx_word' id='word_1_315' title='bbox 811 3747 864 3827; x_wconf 78' lang='grc' dir='ltr'><strong>τίς</strong></span> <span class='ocrx_word' id='word_1_316' title='bbox 879 3746 924 3818; x_wconf 87' lang='grc' dir='ltr'><strong>ὠν</strong></span> <span class='ocrx_word' id='word_1_317' title='bbox 940 3751 998 3820; x_wconf 80' lang='grc' dir='ltr'><strong><em>διαὶ</em></strong></span> <span class='ocrx_word' id='word_1_318' title='bbox 1015 3751 1149 3818; x_wconf 78' lang='grc' dir='ltr'><strong><em>πολλῶν</em></strong></span> <span class='ocrx_word' id='word_1_319' title='bbox 1171 3751 1282 3820; x_wconf 85' lang='grc' dir='ltr'><strong><em>πόνων</em></strong></span> <span class='ocrx_word' id='word_1_320' title='bbox 1302 3753 1380 3845; x_wconf 76' lang='grc' dir='ltr'><strong>ἄγῃ.</strong></span> 
     </span>
     <span class='ocr_line' id='line_1_40' title="bbox 316 3830 1263 3922; baseline 0.002 -22"><span class='ocrx_word' id='word_1_321' title='bbox 316 3843 370 3911; x_wconf 79' lang='lat' dir='ltr'><strong>Sed</strong></span> <span class='ocrx_word' id='word_1_322' title='bbox 390 3845 495 3902; x_wconf 89' lang='lat' dir='ltr'><strong>additur</strong></span> <span class='ocrx_word' id='word_1_323' title='bbox 515 3847 568 3904; x_wconf 81' lang='lat' dir='ltr'><strong>ibit</strong></span> <span class='ocrx_word' id='word_1_324' title='bbox 590 3831 641 3911; x_wconf 79' lang='grc' dir='ltr'><strong>τίς</strong></span> <span class='ocrx_word' id='word_1_325' title='bbox 662 3832 680 3901; x_wconf 86' lang='grc' dir='ltr'>ὁ</span> <span class='ocrx_word' id='word_1_326' title='bbox 703 3830 904 3916; x_wconf 72' lang='grc' dir='ltr'><strong><em>πολύπονος,</em></strong></span> <span class='ocrx_word' id='word_1_327' title='bbox 926 3842 995 3920; x_wconf 85' lang='lat' dir='ltr'><strong>quod</strong></span> <span class='ocrx_word' id='word_1_328' title='bbox 1016 3852 1098 3901; x_wconf 83' lang='lat' dir='ltr'><strong>metro</strong></span> <span class='ocrx_word' id='word_1_329' title='bbox 1120 3845 1263 3922; x_wconf 84' lang='lat' dir='ltr'><strong>flagitatur.</strong></span> 
     </span>
    </p>

    <p class='ocr_par' dir='ltr' id='par_1_12' title="bbox 316 3933 1377 4110">
     <span class='ocr_line' id='line_1_41' title="bbox 399 3933 986 4023; baseline -0.003 -21"><span class='ocrx_word' id='word_1_330' title='bbox 399 3938 471 4023; x_wconf 66' lang='grc'><strong>263.</strong></span> <span class='ocrx_word' id='word_1_331' title='bbox 494 3933 597 4022; x_wconf 71' lang='grc' dir='ltr'><strong>κάμοὶ</strong></span> <span class='ocrx_word' id='word_1_332' title='bbox 618 3935 656 4021; x_wconf 80' lang='grc' dir='ltr'><strong>γέ</strong></span> <span class='ocrx_word' id='word_1_333' title='bbox 674 3956 751 4016; x_wconf 79' lang='grc' dir='ltr'><strong>Ιπου</strong></span> <span class='ocrx_word' id='word_1_334' title='bbox 773 3933 866 4004; x_wconf 80' lang='grc' dir='ltr'><strong><em>ταῦτ’</em></strong></span> <span class='ocrx_word' id='word_1_335' title='bbox 886 3936 986 4003; x_wconf 80' lang='grc' dir='ltr'><strong>ἐστὶν.</strong></span> 
     </span>
     <span class='ocr_line' id='line_1_42' title="bbox 316 4022 1377 4110; baseline 0.002 -26"><span class='ocrx_word' id='word_1_336' title='bbox 316 4027 362 4086; x_wconf 86' lang='lat' dir='ltr'><strong>Sic</strong></span> <span class='ocrx_word' id='word_1_337' title='bbox 383 4023 541 4090; x_wconf 77' lang='lat' dir='ltr'><strong>bonicodd.</strong></span> <span class='ocrx_word' id='word_1_338' title='bbox 584 4027 638 4088; x_wconf 87' lang='lat' dir='ltr'><strong>Sed</strong></span> <span class='ocrx_word' id='word_1_339' title='bbox 660 4029 744 4088; x_wconf 87' lang='lat' dir='ltr'><strong>Trici.</strong></span> <span class='ocrx_word' id='word_1_340' title='bbox 767 4035 793 4087; x_wconf 89' lang='lat' dir='ltr'><strong>et</strong></span> <span class='ocrx_word' id='word_1_341' title='bbox 815 4027 889 4088; x_wconf 85' lang='lat' dir='ltr'><strong>Suid.</strong></span> <span class='ocrx_word' id='word_1_342' title='bbox 912 4022 994 4101; x_wconf 79' lang='grc' dir='ltr'><strong><em>ποῦ,</em></strong></span> <span class='ocrx_word' id='word_1_343' title='bbox 1015 4027 1085 4105; x_wconf 79' lang='lat' dir='ltr'><strong>quod</strong></span> <span class='ocrx_word' id='word_1_344' title='bbox 1106 4048 1197 4090; x_wconf 83' lang='lat' dir='ltr'><strong>omnes</strong></span> <span class='ocrx_word' id='word_1_345' title='bbox 1219 4038 1377 4110; x_wconf 81' lang='lat' dir='ltr'><strong>receperunt,</strong></span> 
     </span>
    </p>
   </div>
   <div class='ocr_carea' id='block_1_10' title="bbox 386 4204 1165 4272">
    <p class='ocr_par' dir='ltr' id='par_1_13' title="bbox 386 4204 1165 4272">
     <span class='ocr_line' id='line_1_43' title="bbox 386 4204 1165 4272; baseline 0.022 -22"><span class='ocrx_word' id='word_1_346' title='bbox 386 4205 409 4262; x_wconf 77' lang='lat' dir='ltr'><strong>*t</strong></span> <span class='ocrx_word' id='word_1_347' title='bbox 426 4206 459 4253; x_wconf 78' lang='lat' dir='ltr'><strong>iis</strong></span> <span class='ocrx_word' id='word_1_348' title='bbox 476 4204 519 4253; x_wconf 82' lang='lat' dir='ltr'><strong>imo</strong></span> <span class='ocrx_word' id='word_1_349' title='bbox 536 4205 634 4256; x_wconf 84' lang='lat' dir='ltr'><strong>icotiom</strong></span> <span class='ocrx_word' id='word_1_350' title='bbox 651 4213 682 4258; x_wconf 85' lang='lat' dir='ltr'><strong>ci.</strong></span> <span class='ocrx_word' id='word_1_351' title='bbox 701 4213 730 4261; x_wconf 91' lang='lat' dir='ltr'><strong>ii.</strong></span> <span class='ocrx_word' id='word_1_352' title='bbox 750 4225 800 4272; x_wconf 79' lang='lat' dir='ltr'><strong>cap.</strong></span> <span class='ocrx_word' id='word_1_353' title='bbox 820 4212 843 4260; x_wconf 84' lang='lat' dir='ltr'><strong>i.</strong></span> <span class='ocrx_word' id='word_1_354' title='bbox 863 4213 884 4268; x_wconf 73' lang='grc' dir='ltr'><strong>Ε.</strong></span> <span class='ocrx_word' id='word_1_355' title='bbox 904 4213 928 4262; x_wconf 77' lang='lat'><strong>⁶.</strong></span> <span class='ocrx_word' id='word_1_356' title='bbox 954 4211 983 4268; x_wconf 72' lang='lat' dir='ltr'><strong>td</strong></span> <span class='ocrx_word' id='word_1_357' title='bbox 1000 4210 1025 4264; x_wconf 79' lang='lat' dir='ltr'><strong>h.</strong></span> <span class='ocrx_word' id='word_1_358' title='bbox 1042 4226 1065 4267; x_wconf 74' lang='lat' dir='ltr'><strong>v.</strong></span> <span class='ocrx_word' id='word_1_359' title='bbox 1162 4223 1165 4230; x_wconf 68' lang='lat'><strong>⁴</strong></span> 
     </span>
    </p>
   </div>
   <div class='ocr_carea' id='block_1_11' title="bbox 0 0 1516 5162">
    <p class='ocr_par' dir='ltr' id='par_1_14' title="bbox 0 0 1516 5162">
     <span class='ocr_line' id='line_1_44' title="bbox 0 0 1516 5162; baseline 0 0"><span class='ocrx_word' id='word_1_360' title='bbox 0 0 1516 5162; x_wconf 95' lang='lat' dir='ltr'><strong> </strong></span> 
     </span>
    </p>
   </div>
  </div>
 </body>
</html>
