3026 5174
1164 449 1222 556 ar,

137 579 274 656 referatur,
296 571 327 640 iu
345 575 660 658 sequente'annotatione
683 597 794 658 retertur
812 600 848 666 ad

137 665 301 738 ailirruatival
314 671 483 726 constituitur
504 679 649 748 sententia,

135 913 285 990 ponendum
306 925 373 973 erat.
414 915 529 995 Apparet
550 927 630 1000 igitur
652 927 782 990 diversum
805 955 822 992 a
843 943 930 1014 priore
951 966 1010 1004 eum
1032 947 1202 1014 sclrnliastam
1282 955 1286 960 ’

136 1017 212 1064 esse,
235 1001 278 1072 qui
300 1006 479 1061 annotaverit:
507 997 549 1066 Ἀ.
572 1024 600 1066 τ.
623 993 689 1090 ἆρα
711 1009 752 1100 tp}
774 1012 843 1098 θέᾳ
865 1019 924 1082 καὶ
945 1021 986 1086 τὸ
1006 1027 1101 1107 γένος
1119 1029 1202 1108 ἐφά-

135 1073 275 1156 ⁸ocull-um
308 1083 361 1140 Sed
389 1083 453 1144 haec
480 1091 539 1164 ipsa
567 1094 736 1172 interrogatio
759 1101 850 1173 docet,
877 1107 909 1164 ab
931 1108 982 1170 hoc
1003 1135 1106 1175 versuum
1129 1117 1202 1180 379.

133 1163 274 1243 Dejanirae
295 1168 387 1235 trilrui3
410 1177 464 1226 tum
488 1171 530 1230 lric
551 1165 653 1248 quidem
672 1182 726 1255 jam
750 1167 773 1256 ἧ
795 1180 854 1244 καὶ
874 1183 969 1253 πάλ.
992 1197 1091 1273 legisse
1106 1215 1202 1278 potest,

131 1249 155 1302 si
178 1250 218 1304 ita
237 1247 393 1324 Sophoclem
415 1255 560 1316 intellexit:
581 1278 661 1327 „num
683 1269 760 1324 etiam
783 1271 907 1344 splendor
927 1269 985 1349 (roi
1002 1274 1162 1366 λαμπρά)
1178 1300 1207 1346 et

134 1333 160 1385 in
183 1329 250 1388 lacie
271 1341 297 1387 et
319 1336 346 1398 iu
368 1346 446 1410 gente
468 1341 546 1396 estl“

214 1424 289 1489 396.
325 1421 486 1512 Ἄννας,
507 1433 586 1517 πρὶν
607 1434 696 1520 ἡμᾶς
718 1443 792 1506 καὶ
813 1445 1009 1519 pedunculos
1033 1456 1159 1542 λόγους.
1180 1497 1182 1502 v

133 1513 174 1568 lta
195 1514 287 1583 codd.;
310 1516 359 1574 scd
380 1539 414 1576 ex
436 1521 567 1580 Eustatlrii
590 1527 702 1586 lectione
725 1521 1002 1606 ᾆνανεώσασθαι
1029 1549 1199 1610 scholiorum·

130 1616 181 1670 quie
207 1600 295 1655 verbis
320 1589 662 1682 o'vocxaonloaodao,
692 1607 823 1685 αὐθις
854 1611 1016 1694 ὁμιλῆσαι
1041 1626 1079 1688 ἐκ
1112 1629 1201 1710 νέας,

130 1671 467 1758 α’νακαινώσασθαι,
491 1691 608 1764 plerique
631 1686 895 1759 καννιώσασθαι
916 1708 1072 1782 elicuerunt,
1099 1716 1200 1777 Wunrt.

20 1823 25 1829 p
131 1773 219 1820 alutem
250 1766 294 1834 (in
328 1767 448 1825 emendd.
478 1790 503 1845 p.
529 1766 598 1845 21.)
626 1781 722 1850 optime
756 1774 1058 1868 κιῖνανεῶσασθαι,
1086 1799 1201 1858 adlnibita

131 1849 260 1914 synizesi.
271 1917 273 1920 Ι

216 1936 288 2002 564.
333 1946 499 2009 Hermannus
521 1954 673 2029 palmariam
696 1979 770 2018 suam
792 1965 1016 2042 emendationem,
1044 1996 1094 2052 qula
1117 1969 1203 2052 τίνις

130 2027 214 2084 sunuel
232 2045 266 2086 ex
277 2047 342 2086 voce
354 2027 440 2100 τινές
459 2041 581 2106 restituit,
604 2043 686 2098 semel
708 2046 828 2116 inseruit,
851 2069 886 2106 ex
907 2052 1017 2114 scholiis
1038 2059 1135 2133 hausit,
1158 2068 1218 2123 uli'

129 2127 209 2183 quum
230 2113 258 2167 in
279 2111 321 2169 ed.
335 2112 413 2171 Rom
431 2115 498 2174 idem
509 2115 595 2190 τινές
609 2123 748 2200 legeretur,
767 2119 852 2201 τίνες
865 2139 1029 2198 scribendum
1045 2164 1105 2203 esse
1124 2167 1199 2226 saga·

129 2196 195 2249 citer
219 2197 260 2250 vir
285 2195 455 2256 doctissimus
489 2209 628 2282 cognovit,
661 2229 734 2284 quae
756 2220 886 2274 sententia
912 2231 1007 2295 postea
1037 2227 1197 2290 scholiorum

128 2275 218 2334 codice
238 2283 344 2356 egregie
369 2283 519 2342 confirmata
540 2297 591 2345 est.
635 2290 695 2349 Hoc
716 2301 803 2354 tamen
823 2297 946 2374 Apitaius
968 2311 1107 2383 neglexit,
1130 2322 1197 2374 satis

127 2357 227 2422 habens
249 2361 394 2420 Hermanni
413 2373 608 2432 annotationem
631 2373 812 2452 descripsisse.

210 2453 284 2522 nos.
327 2451 476 2534 aaaron
496 2457 601 2529 arou
622 2463 767 2549 aynano.

127 2557 282 2618 Wunderus
310 2565 337 2618 in
364 2560 455 2640 Ajacis
483 2565 670 2628 Lobeclrianae
699 2592 771 2632 cens.
800 2595 826 2652 p.
848 2573 900 2639 52.
930 2587 1025 2662 optime
1051 2593 1199 2654 errrendarit

128 2633 253 2718 ἓξῆνον,
268 2643 338 2720 quod
349 2649 434 2722 ipsum
450 2659 527 2708 vetus
540 2654 669 2730 interpres
683 2655 788 2716 videtur
802 2661 911 2740 legisse,
930 2667 1019 2730 dicens
1033 2665 1200 2754 διήνυσεν,

128 2715 357 2800 ἠγωνίσαντο)
378 2732 451 2790 velut
473 2733 589 2805 Hesyclr.
612 2741 715 2798 scribit:
742 2725 863 2820 ἦνον,
884 2739 995 2821 ἤνυον.
1036 2757 1089 2816 llis
1111 2770 1198 2822 tamen

127 2809 225 2884 glossis
247 2815 377 2886 posterior
405 2818 534 2892 interpres
561 2821 682 2892 alienum
704 2829 810 2886 verbum
836 2823 1025 2906 διεξῆλθον
1046 2846 1195 2916 immiscuit,

126 2891 195 2966 purod
217 2893 252 2950 ad
271 2897 404 2974 vulgatam
428 2900 563 2959 lectionem
585 2911 706 2980 pertinet.

210 2986 284 3053 526.
326 2985 406 3072 Ἐγώ
427 2991 468 3055 δὲ
488 2992 626 3082 μάτηρ
647 3003 723 3082 μὲν
744 2991 812 3068 οἷα
839 3007 977 3094 φράζω*

337 3073 384 3137 Τὸ
407 3074 437 3137 δ’
459 3072 699 3161 α’μφινεὶκητον
719 3081 814 3164 ὄμμα
834 3089 972 3176 νύμφας

327 3150 468 3220 Ἐλεινόν
488 3153 651 3240 α’μμὲνει·

332 3233 432 3298 Kana
452 3239 581 3338 ματρός
601 3237 696 3329 ἄφαρ
716 3243 866 3327 βέβακεν
886 3241 970 3320 ὥστε

331 3315 460 3400 Πόρτις
480 3317 597 3403 ἔρημα.
1078 3403 1083 3408 ,

124 3403 165 3462 ile
188 3423 213 3460 r.
229 3395 301 3464 526.
324 3409 360 3462 ait
384 3408 490 3466 Herm:
512 3411 592 3478 „ilua
613 3417 741 3474 sententia
763 3419 828 3478 nilril
850 3421 892 3482 hic
913 3425 976 3506 fingi
998 3433 1112 3512 ineptius
1133 3450 1190 3516 pot·

123 3497 177 3546 est:
201 3495 284 3563 'neque
312 3491 407 3566 injuria
433 3479 521 3551 Bentl.
543 3491 628 3553 locum
651 3507 682 3556 ut
707 3513 855 3580 corruptum
877 3515 1008 3576 notauit.“
1049 3516 1189 3581 Nihilomi-

114 3561 172 3628 'nus
195 3591 211 3628 a
235 3571 266 3628 G.
279 3571 397 3652 Reisigio
412 3575 560 3636 defenditur
568 3579 609 3652 *),
629 3581 678 3638 sed
698 3586 743 3654 ita,
765 3596 795 3643 ut
817 3609 870 3645 nou
891 3601 1033 3666 putaverim
1055 3620 1114 3658 eum
1137 3611 1189 3662 cui·
1271 3615 1273 3622 '

122 3675 198 3730 quam
221 3675 404 3731 persuasurum
428 3679 496 3722 esse.
537 3661 676 3722 Persuasit
697 3674 783 3725 tamen
805 3667 918 3748 Apitzio,
941 3681 984 3751 qui
1006 3681 1063 3755 ejus
1085 3693 1190 3746 senten.

121 3743 184 3794 tia'm
207 3742 283 3796 etiam
315 3745 446 3820 egregiam
488 3747 644 3820 appellavit,
671 3757 698 3806 et
723 3751 862 3812 Valentino
889 3755 1060 3832 Raymanno,
1088 3771 1133 3840 qui
1162 3775 1189 3828 in

121 3841 209 3898 progr.
231 3829 346 3882 autumn.
369 3845 457 3902 gymn.
479 3823 656 3888 Morienuerd.
680 3826 773 3894 1841.
806 3837 838 3898 de
867 3839 966 3916 duplici
993 3844 1118 3907 Trachin.
1147 3843 1197 3912 re(

121 3925 192 3962 cens.
215 3910 305 3982 scripti
327 3929 354 3984 p.
376 3903 506 3970 27.¹emn
529 3933 583 3970 rem
606 3934 655 3974 acu
685 3920 807 3994 tetigisse
838 3925 884 3979 ait.
926 3925 1068 3992 Videamus
1096 3929 1185 4012 igitur.

120 3987 284 4058 „Venusta‚“
304 3985 390 4067 inquit
410 3991 441 4050 C.
455 3992 601 4073 Reisigius,
622 4005 774 4067 „sententia
793 4011 833 4067 est
856 4008 994 4081 virginum,
1016 4033 1081 4088 qum
1103 4020 1187 4096 pudor

185 4248 214 4317 ν)
232 4255 254 4298 a
273 4253 328 4303 om.
348 4253 396 4300 oar.
417 4231 494 4303 anan.
514 4262 565 4312 ern.
586 4263 612 4308 ιι
632 4278 653 4315 v.
676 4255 749 4316 loon,
769 4279 790 4324 p.
808 4267 869 4319 roe.

935 4351 980 4417 4.
