3032 5168
1218 483 1237 528 t

167 656 256 740 nique
279 655 322 718 uh
349 651 432 718 lulio
454 649 618 744 lliclntero,
642 649 736 731 cujus
757 647 795 712 de
818 648 926 714 Aesch.
949 649 1044 737 Soph.
1063 625 1170 736 hosp.
1189 649 1236 712 in·
1263 595 1266 600 ¹
1292 605 1300 622 l
1507 654 1512 667 ’

43 835 47 840 ·
169 813 265 894 tonpp.
294 801 422 870 Graecis
451 798 572 864 lihellus
598 796 736 862 Berolioi
766 795 859 862 lese
888 799 1022 886 prodiit<
1049 800 1112 867 Sed
1134 821 1234 887 quum-
1356 875 1364 892 .
1399 765 1405 776 .

171 974 260 1041 quom
279 953 327 1018 his
349 951 467 1039 scriptis
489 951 548 1031 neon
570 951 636 1014 sine
658 949 757 1012 fructu
779 969 949 1030 usussum,
972 957 1071 1027 temen
1084 971 1143 1016 uon
1158 951 1236 1018 idem
1358 985 1362 993 Δ

174 1104 369 1170 trucissimus
427 1101 610 1170 succussus
646 1099 725 1164 onim
752 1098 976 1186 Richteruspue
1009 1101 1097 1186 quum
1122 1101 1180 1167 sihi
1208 1103 1237 1168 id

171 1229 283 1357 lautum
312 1209 556 1342 proposuissent,
583 1261 635 1332 ut,
663 1251 714 1338 qui
743 1249 853 1316 Graeci
877 1249 952 1317 olim
977 1252 1113 1337 tragicos
1133 1260 1238 1341 poetes

169 1405 398 1494 explicuissent,
417 1387 616 1486 'nominnenc
644 1410 676 1468 et
701 1401 936 1492 perlustrarent,
963 1401 1002 1468 sd
1022 1403 1134 1492 ipsam,
1162 1423 1239 1492 quoe

169 1565 336 1636 nunc‘est‚
357 1555 538 1623 scholiorum
560 1553 766 1621 collectionem
787 1553 839 1620 ille
860 1574 957 1642 poene
978 1577 1055 1639 uon,
1076 1555 1239 1621 Richterus
1272 1533 1274 1540 λ

94 1739 101 1766 s
169 1717 269 1774 entem
294 1708 399 1797 paucis
427 1714 540 1773 tuntum
560 1708 713 1795 respexit,
742 1715 775 1772 et
794 1705 843 1770 hic
865 1705 979 1792 quidem
1000 1707 1063 1790 ite,
1093 1713 1126 1774 nt
1146 1708 1240 1774 multa

172 1859 337 1922 affirmaret
357 1858 454 1943 magis
477 1876 564 1942 quem
584 1857 735 1944 probaret.
778 1853 953 1919 Wunderus
975 1856 1102 1943 denique
1123 1859 1182 1922 etsi
1202 1861 1239 1924 nd

140 2095 151 2106 ..
172 2008 239 2097 ipse
260 2015 364 2074 nostro
385 2007 499 2072 scholis
520 2007 658 2088 occessit,
680 2026 780 2078 eorum
801 2029 863 2072 non
885 2006 1029 2074 lectiones
1051 2029 1165 2094 omnes,
1187 2009 1240 2076 sed

173 2181 225 2226 ecs
253 2164 368 2225 tautum
397 2155 607 2248 comparavit,
636 2123 742 2247 puihus
769 2179 821 2246 γρ.
850 2143 1014 2250 praefixum
1043 2167 1108 2244 est,
1135 2160 1166 2227 id
1193 2151 1260 2228 est¹

170 2311 262 2379 multo
284 2312 428 2380 minorem
450 2319 573 2402 portem.

125 2501 128 2513 '
259 2495 449 2563 Scholionum
476 2495 612 2583 exemplo
633 2515 705 2560 usus
726 2515 792 2560 snm
811 2494 1014 2581 Elmslejsno,
1040 2497 1167 2584 Lipsiae
1187 2497 1242 2564 im·

174 2668 299 2738 presso,
327 2648 360 2714 in
381 2625 573 2740 numerandis
595 2653 693 2712 summ
714 2645 850 2714 versibus
872 2644 1030 2734 Sophoclis
1051 2644 1245 2735 Brunckinm,

111 2862 113 2868 ,
173 2801 310 2866 versibus
331 2797 480 2887 Aeschyli
501 2797 691 2884 Schiituium,
711 2797 865 2890 Euripidis
885 2797 1101 2886 Matthiseum,
1122 2800 1248 2872 Aristo-v

39 2953 56 3010 '.
174 2953 282 3043 phanis
311 2951 349 3017 G.
370 2951 613 3019 Dindorliumin
635 2950 683 3018 ed.
705 2951 891 3036 Invernizc„
916 2949 1043 3018 Pindari
1063 2952 1104 3020 A.
1124 2953 1243 3020 Boeck-

174 3106 256 3171 hium
284 3099 403 3171 seculus
430 3125 505 3170 sum.
549 3101 678 3170 Codices
700 3101 825 3190 denique
848 3102 945 3188 siguis
966 3102 1169 3166 usitatissimis
1190 3126 1245 3172 no÷¹
1271 3077 1276 3085 Ι
1350 3118 1352 3127 ’

177 3257 258 3336 tevi,
284 3254 369 3319 uelut
386 3252 627 3318 Laurentianum
647 3252 773 3337 primum
793 3249 861 3334 Le,
889 3249 1047 3317 secuudum
1068 3251 1135 3336 Lh3
1163 3255 1243 3322 codi-

178 3427 252 3488 cem,
275 3403 325 3492 pui
346 3409 376 3469 et
396 3402 468 3469 Per.
490 3401 513 3469 f.
537 3409 568 3468 et
588 3401 660 3468 Per.
682 3401 807 3469 Fsehsii
830 3408 861 3468 et
871 3401 945 3473 Par.
966 3425 1017 3471 no.
1038 3403 1133 3474 2886.
1148 3406 1242 3474 nomi-

176 3566 281 3640 netur,
304 3510 370 3623 eum
391 3577 509 3642 semper
530 3554 602 3623 Por.
625 3557 647 3623 l.
670 3555 835 3644 appellavi,
863 3555 1003 3640 (isidem
1026 3565 1073 3622 est
1093 3565 1182 3646 etque
1204 3561 1242 3628 Ο.

165 3685 285 3774 ⁴Weuii
311 3707 384 3773 Per.
414 3707 477 3790 h.;)
501 3707 627 3794 denique
649 3709 698 3794 qui
724 3707 896 3773 Hermanno
930 3713 977 3774 est
1000 3705 1079 3777 Veu.
1113 3714 1144 3771 et
1170 3708 1243 3780 Per.

66 3927 69 3937 ,
176 3860 313 3939 Bellieni
338 3867 369 3925 et
398 3857 573 3947 simpliciter
600 3859 690 3942 Pon,
725 3881 789 3925 eum
818 3881 937 3948 semper
964 3855 1029 3921 dixi
1055 3854 1133 3926 Ven.
1162 3860 1243 3928 Tum

178 4010 226 4078 ed.
252 4011 342 4078 Rom.
371 3988 445 4075 sive¹
462 4009 551 4076 Rom.
581 4010 734 4096 significet
761 4008 921 4076 editionem
948 3971 1133 4106 scholiorum,
1152 4011 1242 4080 Rom.

181 4162 356 4250 principem,
383 4159 439 4228 Br.
467 4159 668 4245 Brunckium,
698 4161 737 4225 A·
762 4157 939 4246 Didymeum,
958 4175 1003 4250 φ.
1026 4156 1182 4250 pincio),
1212 4161 1244 4224 ᾰ.

183 4327 210 4383 c.
233 4308 310 4375 duci
334 4311 407 4390 τοῦ,
429 4333 473 4400 pn.
495 4335 514 4376 o
534 4312 629 4400 prime
642 4313 755 4394 'meum
778 4333 838 4400 sec,
860 4335 879 4379 a
900 4335 986 4382 manu
1008 4309 1146 4380 secundo.
1187 4311 1245 4385 Ce-
