<?xml version="1.0" encoding="UTF-8"?>
<!DOCTYPE html PUBLIC "-//W3C//DTD XHTML 1.0 Transitional//EN"
    "http://www.w3.org/TR/xhtml1/DTD/xhtml1-transitional.dtd">
<html xmlns="http://www.w3.org/1999/xhtml" xml:lang="en" lang="en">
 <head>
  <title>
</title>
<meta http-equiv="Content-Type" content="text/html;charset=utf-8" />
  <meta name='ocr-system' content='tesseract 3.04.00' />
  <meta name='ocr-capabilities' content='ocr_page ocr_carea ocr_par ocr_line ocrx_word'/>
</head>
<body>
  <div class='ocr_page' id='page_1' title='image "./desophoclisscho01wolfgoog_0084.png"; bbox 0 0 3032 5168; ppageno 0'>
   <div class='ocr_carea' id='block_1_1' title="bbox 354 433 397 508">
    <p class='ocr_par' dir='ltr' id='par_1_1' title="bbox 354 433 397 508">
     <span class='ocr_line' id='line_1_1' title="bbox 354 433 397 508; baseline -0.14 0"><span class='ocrx_word' id='word_1_1' title='bbox 354 433 397 508; x_wconf 75' lang='grc'><strong>72</strong></span> 
     </span>
    </p>
   </div>
   <div class='ocr_carea' id='block_1_2' title="bbox 262 593 1444 3514">
    <p class='ocr_par' dir='ltr' id='par_1_2' title="bbox 354 593 1431 1020">
     <span class='ocr_line' id='line_1_2' title="bbox 354 593 1428 688; baseline -0.002 -22"><span class='ocrx_word' id='word_1_2' title='bbox 354 593 562 686; x_wconf 57' lang='lat' dir='ltr'><strong>cimeteria..</strong></span> <span class='ocrx_word' id='word_1_3' title='bbox 589 613 714 664; x_wconf 81' lang='lat' dir='ltr'><strong>annotat:</strong></span> <span class='ocrx_word' id='word_1_4' title='bbox 742 593 828 666; x_wconf 77' lang='lat' dir='ltr'><strong>iinon</strong></span> <span class='ocrx_word' id='word_1_5' title='bbox 856 594 999 688; x_wconf 70' lang='grc' dir='ltr'><strong><em>ιύμαρὲς</em></strong></span> <span class='ocrx_word' id='word_1_6' title='bbox 1027 599 1120 664; x_wconf 75' lang='grc' dir='ltr'><strong><em>ἐστιν</em></strong></span> <span class='ocrx_word' id='word_1_7' title='bbox 1148 595 1241 682; x_wconf 79' lang='grc' dir='ltr'><strong><em>αύτῷ</em></strong></span> <span class='ocrx_word' id='word_1_8' title='bbox 1268 595 1428 680; x_wconf 77' lang='grc' dir='ltr'><strong><em>α’πιὲναι,</em></strong></span> 
     </span>
     <span class='ocr_line' id='line_1_3' title="bbox 355 678 1428 771; baseline -0.003 -23"><span class='ocrx_word' id='word_1_9' title='bbox 355 699 476 766; x_wconf 80' lang='lat' dir='ltr'><strong>apparet,</strong></span> <span class='ocrx_word' id='word_1_10' title='bbox 504 692 671 750; x_wconf 86' lang='lat' dir='ltr'><strong>eum-inciso</strong></span> <span class='ocrx_word' id='word_1_11' title='bbox 697 697 758 768; x_wconf 87' lang='lat' dir='ltr'><strong>post</strong></span> <span class='ocrx_word' id='word_1_12' title='bbox 785 679 951 771; x_wconf 74' lang='grc' dir='ltr'><strong>εὐμάρεια</strong></span> <span class='ocrx_word' id='word_1_13' title='bbox 976 694 1064 766; x_wconf 83' lang='lat' dir='ltr'><strong>posito</strong></span> <span class='ocrx_word' id='word_1_14' title='bbox 1092 678 1165 746; x_wconf 77' lang='grc' dir='ltr'><strong><em>ἐστι’</em></strong></span> <span class='ocrx_word' id='word_1_15' title='bbox 1185 687 1367 764; x_wconf 80' lang='lat' dir='ltr'><strong>supplevisse,</strong></span> <span class='ocrx_word' id='word_1_16' title='bbox 1397 696 1428 746; x_wconf 87' lang='lat' dir='ltr'><strong>ut</strong></span> 
     </span>
     <span class='ocr_line' id='line_1_4' title="bbox 355 773 1430 848; baseline -0.006 -14"><span class='ocrx_word' id='word_1_17' title='bbox 355 777 488 834; x_wconf 75' lang='lat' dir='ltr'><strong>sententia</strong></span> <span class='ocrx_word' id='word_1_18' title='bbox 509 780 594 830; x_wconf 85' lang='lat' dir='ltr'><strong>esset:</strong></span> <span class='ocrx_word' id='word_1_19' title='bbox 615 773 685 834; x_wconf 86' lang='lat' dir='ltr'><strong>unde</strong></span> <span class='ocrx_word' id='word_1_20' title='bbox 704 775 820 835; x_wconf 70' lang='lat' dir='ltr'>facilitas</span> <span class='ocrx_word' id='word_1_21' title='bbox 842 773 921 835; x_wconf 88' lang='lat' dir='ltr'><strong>eundi</strong></span> <span class='ocrx_word' id='word_1_22' title='bbox 941 782 996 842; x_wconf 84' lang='lat' dir='ltr'><strong>est,</strong></span> <span class='ocrx_word' id='word_1_23' title='bbox 1017 777 1039 832; x_wconf 82' lang='lat' dir='ltr'><strong>i.</strong></span> <span class='ocrx_word' id='word_1_24' title='bbox 1060 791 1085 830; x_wconf 84' lang='lat' dir='ltr'><strong>e.</strong></span> <span class='ocrx_word' id='word_1_25' title='bbox 1106 776 1187 841; x_wconf 83' lang='lat' dir='ltr'><strong>venit,</strong></span> <span class='ocrx_word' id='word_1_26' title='bbox 1209 780 1236 829; x_wconf 82' lang='lat' dir='ltr'><strong>et</strong></span> <span class='ocrx_word' id='word_1_27' title='bbox 1251 774 1430 848; x_wconf 70' lang='lat' dir='ltr'><strong>conjunxisse</strong></span> 
     </span>
     <span class='ocr_line' id='line_1_5' title="bbox 357 847 1431 938; baseline -0.005 -22"><span class='ocrx_word' id='word_1_28' title='bbox 357 847 399 926; x_wconf 70' lang='lat' dir='ltr'><strong>ult·</strong></span> <span class='ocrx_word' id='word_1_29' title='bbox 419 851 500 925; x_wconf 81' lang='grc' dir='ltr'><strong><em>παῖς</em></strong></span> <span class='ocrx_word' id='word_1_30' title='bbox 519 849 719 938; x_wconf 78' lang='grc' dir='ltr'><strong><em>ύπάρχιι,-</em></strong></span> <span class='ocrx_word' id='word_1_31' title='bbox 733 857 902 916; x_wconf 81' lang='lat' dir='ltr'><strong>indicativum</strong></span> <span class='ocrx_word' id='word_1_32' title='bbox 923 860 991 914; x_wconf 90' lang='lat' dir='ltr'><strong>enim</strong></span> <span class='ocrx_word' id='word_1_33' title='bbox 1011 863 1102 934; x_wconf 84' lang='lat' dir='ltr'><strong>aperte</strong></span> <span class='ocrx_word' id='word_1_34' title='bbox 1124 875 1182 914; x_wconf 88' lang='lat' dir='ltr'><strong>curn</strong></span> <span class='ocrx_word' id='word_1_35' title='bbox 1203 857 1322 933; x_wconf 75' lang='lat' dir='ltr'><strong>plurimis</strong></span> <span class='ocrx_word' id='word_1_36' title='bbox 1346 855 1431 918; x_wconf 79' lang='lat' dir='ltr'><strong>codd.</strong></span> 
     </span>
     <span class='ocr_line' id='line_1_6' title="bbox 356 932 1256 1020; baseline -0.001 -22"><span class='ocrx_word' id='word_1_37' title='bbox 356 937 463 1002; x_wconf 82' lang='lat' dir='ltr'><strong>habult:</strong></span> <span class='ocrx_word' id='word_1_38' title='bbox 484 941 537 998; x_wconf 80' lang='lat' dir='ltr'><strong>coli</strong></span> <span class='ocrx_word' id='word_1_39' title='bbox 557 940 610 999; x_wconf 88' lang='lat' dir='ltr'><strong>La.</strong></span> <span class='ocrx_word' id='word_1_40' title='bbox 633 952 658 998; x_wconf 89' lang='lat' dir='ltr'><strong>et</strong></span> <span class='ocrx_word' id='word_1_41' title='bbox 678 941 745 999; x_wconf 88' lang='lat' dir='ltr'><strong>Ven.</strong></span> <span class='ocrx_word' id='word_1_42' title='bbox 766 932 919 1020; x_wconf 76' lang='grc' dir='ltr'><strong><em>ὑπάρχοι.</em></strong></span> <span class='ocrx_word' id='word_1_43' title='bbox 975 983 978 989; x_wconf 81' lang='grc'>.</span> <span class='ocrx_word' id='word_1_44' title='bbox 1254 985 1256 990; x_wconf 69' lang='lat'><strong>,</strong></span> 
     </span>
    </p>

    <p class='ocr_par' dir='ltr' id='par_1_3' title="bbox 262 1011 1444 2681">
     <span class='ocr_line' id='line_1_7' title="bbox 441 1011 1433 1101; baseline -0.001 -21"><span class='ocrx_word' id='word_1_45' title='bbox 441 1023 542 1086; x_wconf 81' lang='lat' dir='ltr'><strong>Eodem</strong></span> <span class='ocrx_word' id='word_1_46' title='bbox 573 1044 650 1100; x_wconf 93' lang='lat' dir='ltr'><strong>porro</strong></span> <span class='ocrx_word' id='word_1_47' title='bbox 685 1025 733 1080; x_wconf 90' lang='lat' dir='ltr'><strong>illa</strong></span> <span class='ocrx_word' id='word_1_48' title='bbox 761 1024 854 1099; x_wconf 81' lang='lat' dir='ltr'><strong>glossa</strong></span> <span class='ocrx_word' id='word_1_49' title='bbox 882 1022 959 1080; x_wconf 89' lang='lat' dir='ltr'><strong>modo</strong></span> <span class='ocrx_word' id='word_1_50' title='bbox 991 1021 1100 1080; x_wconf 81' lang='lat' dir='ltr'><strong>laudata</strong></span> <span class='ocrx_word' id='word_1_51' title='bbox 1131 1011 1281 1093; x_wconf 65' lang='grc' dir='ltr'><strong><em>ἐξανίησι</em></strong></span> <span class='ocrx_word' id='word_1_52' title='bbox 1308 1025 1433 1101; x_wconf 82' lang='lat' dir='ltr'><strong>praehet,</strong></span> 
     </span>
     <span class='ocr_line' id='line_1_8' title="bbox 358 1096 1433 1184; baseline -0.004 -18"><span class='ocrx_word' id='word_1_53' title='bbox 358 1105 430 1184; x_wconf 71' lang='lat' dir='ltr'><strong>quod</strong></span> <span class='ocrx_word' id='word_1_54' title='bbox 460 1107 495 1166; x_wconf 85' lang='lat' dir='ltr'><strong>ad</strong></span> <span class='ocrx_word' id='word_1_55' title='bbox 522 1127 549 1166; x_wconf 82' lang='lat' dir='ltr'><strong>v.</strong></span> <span class='ocrx_word' id='word_1_56' title='bbox 575 1099 647 1166; x_wconf 80' lang='lat'><strong>705.</strong></span> <span class='ocrx_word' id='word_1_57' title='bbox 674 1125 719 1182; x_wconf 90' lang='lat' dir='ltr'><strong>per</strong></span> <span class='ocrx_word' id='word_1_58' title='bbox 747 1096 903 1166; x_wconf 71' lang='grc' dir='ltr'><strong><em>ἐνδίδωσι</em></strong></span> <span class='ocrx_word' id='word_1_59' title='bbox 930 1106 1084 1182; x_wconf 75' lang='lat' dir='ltr'><strong>explicatur.</strong></span> <span class='ocrx_word' id='word_1_60' title='bbox 1129 1105 1208 1169; x_wconf 73' lang='lat' dir='ltr'><strong>Quod</strong></span> <span class='ocrx_word' id='word_1_61' title='bbox 1237 1127 1316 1183; x_wconf 87' lang='lat' dir='ltr'><strong>quum</strong></span> <span class='ocrx_word' id='word_1_62' title='bbox 1339 1115 1433 1165; x_wconf 90' lang='lat' dir='ltr'><strong>metro</strong></span> 
     </span>
     <span class='ocr_line' id='line_1_9' title="bbox 358 1179 1434 1276; baseline 0.004 -28"><span class='ocrx_word' id='word_1_63' title='bbox 358 1191 479 1269; x_wconf 81' lang='lat' dir='ltr'><strong>adaptari</strong></span> <span class='ocrx_word' id='word_1_64' title='bbox 500 1209 554 1248; x_wconf 91' lang='lat' dir='ltr'><strong>non</strong></span> <span class='ocrx_word' id='word_1_65' title='bbox 574 1196 679 1264; x_wconf 83' lang='lat' dir='ltr'><strong>posset,</strong></span> <span class='ocrx_word' id='word_1_66' title='bbox 708 1208 742 1246; x_wconf 88' lang='lat' dir='ltr'><strong>ex</strong></span> <span class='ocrx_word' id='word_1_67' title='bbox 762 1189 825 1246; x_wconf 89' lang='lat' dir='ltr'><strong>Par.</strong></span> <span class='ocrx_word' id='word_1_68' title='bbox 848 1197 868 1246; x_wconf 83' lang='lat' dir='ltr'><strong>t.</strong></span> <span class='ocrx_word' id='word_1_69' title='bbox 891 1189 1052 1265; x_wconf 77' lang='lat' dir='ltr'><strong>scholiisque</strong></span> <span class='ocrx_word' id='word_1_70' title='bbox 1073 1190 1186 1248; x_wconf 86' lang='lat' dir='ltr'><strong>Triclin.</strong></span> <span class='ocrx_word' id='word_1_71' title='bbox 1201 1179 1317 1276; x_wconf 73' lang='grc' dir='ltr'><strong><em>ε’ξανίη</em></strong></span> <span class='ocrx_word' id='word_1_72' title='bbox 1339 1193 1434 1252; x_wconf 80' lang='lat' dir='ltr'><strong>Turn.</strong></span> 
     </span>
     <span class='ocr_line' id='line_1_10' title="bbox 358 1266 1435 1350; baseline -0.004 -16"><span class='ocrx_word' id='word_1_73' title='bbox 358 1271 451 1350; x_wconf 86' lang='lat' dir='ltr'><strong>Steph.</strong></span> <span class='ocrx_word' id='word_1_74' title='bbox 475 1271 552 1330; x_wconf 84' lang='lat' dir='ltr'><strong>Cant.</strong></span> <span class='ocrx_word' id='word_1_75' title='bbox 573 1271 620 1330; x_wconf 80' lang='lat' dir='ltr'><strong>Br.</strong></span> <span class='ocrx_word' id='word_1_76' title='bbox 641 1271 700 1330; x_wconf 74' lang='lat' dir='ltr'><strong>arf.</strong></span> <span class='ocrx_word' id='word_1_77' title='bbox 721 1271 798 1330; x_wconf 86' lang='lat' dir='ltr'><strong>Neue</strong></span> <span class='ocrx_word' id='word_1_78' title='bbox 818 1279 985 1349; x_wconf 84' lang='lat' dir='ltr'><strong>receperunt:</strong></span> <span class='ocrx_word' id='word_1_79' title='bbox 1007 1273 1150 1349; x_wconf 83' lang='lat' dir='ltr'><strong>eodemque</strong></span> <span class='ocrx_word' id='word_1_80' title='bbox 1171 1293 1224 1334; x_wconf 88' lang='lat' dir='ltr'><strong>non</strong></span> <span class='ocrx_word' id='word_1_81' title='bbox 1245 1277 1331 1334; x_wconf 85' lang='lat' dir='ltr'><strong>solum</strong></span> <span class='ocrx_word' id='word_1_82' title='bbox 1352 1266 1435 1346; x_wconf 76' lang='grc' dir='ltr'><strong><em>ἐξα·</em></strong></span> 
     </span>
     <span class='ocr_line' id='line_1_11' title="bbox 357 1346 1435 1434; baseline -0.004 -16"><span class='ocrx_word' id='word_1_83' title='bbox 357 1346 419 1418; x_wconf 79' lang='grc' dir='ltr'><strong>νίιι</strong></span> <span class='ocrx_word' id='word_1_84' title='bbox 439 1354 523 1422; x_wconf 90' lang='lat' dir='ltr'><strong>ducit,</strong></span> <span class='ocrx_word' id='word_1_85' title='bbox 544 1355 615 1430; x_wconf 83' lang='lat' dir='ltr'><strong>qood</strong></span> <span class='ocrx_word' id='word_1_86' title='bbox 635 1361 663 1415; x_wconf 90' lang='lat' dir='ltr'><strong>in</strong></span> <span class='ocrx_word' id='word_1_87' title='bbox 683 1360 741 1434; x_wconf 86' lang='lat' dir='ltr'><strong>ipso</strong></span> <span class='ocrx_word' id='word_1_88' title='bbox 763 1356 817 1418; x_wconf 88' lang='lat' dir='ltr'><strong>La.</strong></span> <span class='ocrx_word' id='word_1_89' title='bbox 840 1358 940 1416; x_wconf 87' lang='lat' dir='ltr'><strong>etVat.</strong></span> <span class='ocrx_word' id='word_1_90' title='bbox 963 1377 1005 1434; x_wconf 88' lang='lat' dir='ltr'><strong>ap.</strong></span> <span class='ocrx_word' id='word_1_91' title='bbox 1028 1358 1119 1416; x_wconf 85' lang='lat' dir='ltr'><strong>Herm.</strong></span> <span class='ocrx_word' id='word_1_92' title='bbox 1141 1361 1282 1428; x_wconf 87' lang='lat' dir='ltr'><strong>invenitur,</strong></span> <span class='ocrx_word' id='word_1_93' title='bbox 1303 1391 1344 1403; x_wconf 89' lang='lat'><em>-</em></span> <span class='ocrx_word' id='word_1_94' title='bbox 1370 1377 1435 1416; x_wconf 85' lang='lat' dir='ltr'><strong>narn</strong></span> 
     </span>
     <span class='ocr_line' id='line_1_12' title="bbox 358 1431 1435 1523; baseline 0.001 -27"><span class='ocrx_word' id='word_1_95' title='bbox 358 1431 418 1501; x_wconf 82' lang='lat' dir='ltr'><strong>EI</strong></span> <span class='ocrx_word' id='word_1_96' title='bbox 434 1438 498 1495; x_wconf 85' lang='lat' dir='ltr'><strong>olim</strong></span> <span class='ocrx_word' id='word_1_97' title='bbox 525 1446 551 1496; x_wconf 87' lang='lat' dir='ltr'><strong>et</strong></span> <span class='ocrx_word' id='word_1_98' title='bbox 577 1455 598 1523; x_wconf 77' lang='grc' dir='ltr'><strong><em>η</em></strong></span> <span class='ocrx_word' id='word_1_99' title='bbox 620 1448 646 1498; x_wconf 89' lang='lat' dir='ltr'><strong>et</strong></span> <span class='ocrx_word' id='word_1_100' title='bbox 667 1456 696 1500; x_wconf 84' lang='grc' dir='ltr'><strong>ιι</strong></span> <span class='ocrx_word' id='word_1_101' title='bbox 717 1442 896 1518; x_wconf 82' lang='lat' dir='ltr'><strong>significahat,</strong></span> <span class='ocrx_word' id='word_1_102' title='bbox 919 1473 959 1488; x_wconf 86' lang='lat'><strong>-·</strong></span> <span class='ocrx_word' id='word_1_103' title='bbox 981 1442 1129 1502; x_wconf 82' lang='lat' dir='ltr'><strong>sedetiam</strong></span> <span class='ocrx_word' id='word_1_104' title='bbox 1151 1443 1321 1518; x_wconf 82' lang='lat' dir='ltr'><strong>plurimorum</strong></span> <span class='ocrx_word' id='word_1_105' title='bbox 1343 1443 1435 1500; x_wconf 89' lang='lat' dir='ltr'><strong>libro-</strong></span> 
     </span>
     <span class='ocr_line' id='line_1_13' title="bbox 358 1513 1435 1604; baseline -0.002 -22"><span class='ocrx_word' id='word_1_106' title='bbox 358 1539 417 1582; x_wconf 86' lang='lat' dir='ltr'><strong>rum</strong></span> <span class='ocrx_word' id='word_1_107' title='bbox 439 1524 569 1598; x_wconf 77' lang='lat' dir='ltr'><strong>scripture</strong></span> <span class='ocrx_word' id='word_1_108' title='bbox 592 1513 754 1602; x_wconf 72' lang='grc' dir='ltr'><strong><em>ἐξανίησι,</em></strong></span> <span class='ocrx_word' id='word_1_109' title='bbox 775 1545 828 1587; x_wconf 88' lang='lat' dir='ltr'><strong>uoo</strong></span> <span class='ocrx_word' id='word_1_110' title='bbox 850 1533 950 1584; x_wconf 88' lang='lat' dir='ltr'><strong>tantum</strong></span> <span class='ocrx_word' id='word_1_111' title='bbox 972 1529 1084 1604; x_wconf 82' lang='lat' dir='ltr'><strong>sigmate</strong></span> <span class='ocrx_word' id='word_1_112' title='bbox 1105 1527 1250 1586; x_wconf 80' lang='lat' dir='ltr'><strong>abundans.</strong></span> <span class='ocrx_word' id='word_1_113' title='bbox 1291 1523 1349 1584; x_wconf 85' lang='lat' dir='ltr'><strong>Alii</strong></span> <span class='ocrx_word' id='word_1_114' title='bbox 1364 1543 1435 1582; x_wconf 84' lang='lat' dir='ltr'><strong>vero</strong></span> 
     </span>
     <span class='ocr_line' id='line_1_14' title="bbox 359 1599 1436 1686; baseline 0.007 -24"><span class='ocrx_word' id='word_1_115' title='bbox 359 1603 476 1664; x_wconf 82' lang='lat' dir='ltr'><strong>editores</strong></span> <span class='ocrx_word' id='word_1_116' title='bbox 506 1625 540 1662; x_wconf 88' lang='lat' dir='ltr'><strong>ex</strong></span> <span class='ocrx_word' id='word_1_117' title='bbox 568 1607 637 1686; x_wconf 81' lang='lat' dir='ltr'><strong>conj.</strong></span> <span class='ocrx_word' id='word_1_118' title='bbox 666 1599 802 1684; x_wconf 79' lang='grc' dir='ltr'><strong><em>ἕξανείη</em></strong></span> <span class='ocrx_word' id='word_1_119' title='bbox 825 1613 1005 1670; x_wconf 89' lang='lat' dir='ltr'><strong>restituerunt.</strong></span> <span class='ocrx_word' id='word_1_120' title='bbox 1048 1610 1168 1684; x_wconf 87' lang='lat' dir='ltr'><strong>Denique</strong></span> <span class='ocrx_word' id='word_1_121' title='bbox 1189 1609 1275 1668; x_wconf 85' lang='lat' dir='ltr'><strong>schol.</strong></span> <span class='ocrx_word' id='word_1_122' title='bbox 1297 1609 1332 1666; x_wconf 89' lang='lat' dir='ltr'><strong>ad</strong></span> <span class='ocrx_word' id='word_1_123' title='bbox 1352 1602 1436 1670; x_wconf 72' lang='grc'><strong>687.</strong></span> 
     </span>
     <span class='ocr_line' id='line_1_15' title="bbox 357 1680 1439 1772; baseline 0.002 -24"><span class='ocrx_word' id='word_1_124' title='bbox 357 1690 408 1748; x_wconf 79' lang='lat' dir='ltr'><strong>sit:</strong></span> <span class='ocrx_word' id='word_1_125' title='bbox 431 1680 621 1766; x_wconf 74' lang='grc' dir='ltr'><strong><em>θαυμάζω,</em></strong></span> <span class='ocrx_word' id='word_1_126' title='bbox 640 1687 708 1761; x_wconf 80' lang='grc' dir='ltr'><strong>πῶς</strong></span> <span class='ocrx_word' id='word_1_127' title='bbox 728 1683 904 1770; x_wconf 76' lang='grc' dir='ltr'><strong><em>ὑπέμεινεν</em></strong></span> <span class='ocrx_word' id='word_1_128' title='bbox 925 1687 981 1752; x_wconf 80' lang='lat' dir='ltr'><strong>cisi</strong></span> <span class='ocrx_word' id='word_1_129' title='bbox 998 1685 1215 1772; x_wconf 78' lang='grc' dir='ltr'><strong><em>κλυζομὲνοις</em></strong></span> <span class='ocrx_word' id='word_1_130' title='bbox 1235 1689 1302 1768; x_wconf 82' lang='lat' dir='ltr'><strong>(sor.</strong></span> <span class='ocrx_word' id='word_1_131' title='bbox 1314 1705 1439 1764; x_wconf 83' lang='grc' dir='ltr'><strong><em>-νην</em></strong></span> 
     </span>
     <span class='ocr_line' id='line_1_16' title="bbox 265 1767 1440 1873; baseline 0 -39"><span class='ocrx_word' id='word_1_132' title='bbox 265 1805 271 1824; x_wconf 90' lang='lat'><strong>·</strong></span> <span class='ocrx_word' id='word_1_133' title='bbox 357 1791 382 1834; x_wconf 87' lang='lat' dir='ltr'><strong>c.</strong></span> <span class='ocrx_word' id='word_1_134' title='bbox 409 1771 456 1833; x_wconf 89' lang='lat' dir='ltr'><strong>Br.</strong></span> <span class='ocrx_word' id='word_1_135' title='bbox 485 1783 511 1844; x_wconf 83' lang='lat' dir='ltr'><strong>et</strong></span> <span class='ocrx_word' id='word_1_136' title='bbox 539 1775 648 1851; x_wconf 84' lang='lat' dir='ltr'>Herm.)</span> <span class='ocrx_word' id='word_1_137' title='bbox 681 1767 832 1854; x_wconf 81' lang='grc' dir='ltr'><strong><em>κύμασιν</em></strong></span> <span class='ocrx_word' id='word_1_138' title='bbox 863 1768 948 1873; x_wconf 61' lang='grc' dir='ltr'><strong><em>ἔχων</em></strong></span> <span class='ocrx_word' id='word_1_139' title='bbox 980 1769 1182 1872; x_wconf 53' lang='grc' dir='ltr'><strong><em>καταγωγήν</em></strong></span> <span class='ocrx_word' id='word_1_140' title='bbox 1213 1773 1271 1836; x_wconf 79' lang='grc' dir='ltr'><strong>καὶ</strong></span> <span class='ocrx_word' id='word_1_141' title='bbox 1302 1767 1440 1855; x_wconf 79' lang='grc' dir='ltr'><strong><em>’ἔρημον</em></strong></span> 
     </span>
     <span class='ocr_line' id='line_1_17' title="bbox 356 1847 1441 1946; baseline -0.002 -28"><span class='ocrx_word' id='word_1_142' title='bbox 356 1847 598 1920; x_wconf 75' lang='grc' dir='ltr'><strong><em>παντάπασινι</em></strong></span> <span class='ocrx_word' id='word_1_143' title='bbox 610 1911 613 1916; x_wconf 97' lang='grc'>.</span> <span class='ocrx_word' id='word_1_144' title='bbox 625 1869 652 1920; x_wconf 85' lang='lat' dir='ltr'><strong>et</strong></span> <span class='ocrx_word' id='word_1_145' title='bbox 678 1861 713 1920; x_wconf 90' lang='lat' dir='ltr'><strong>ad</strong></span> <span class='ocrx_word' id='word_1_146' title='bbox 735 1851 999 1946; x_wconf 73' lang='grc' dir='ltr'><strong><em>ἄμφιπληκτωνε</em></strong></span> <span class='ocrx_word' id='word_1_147' title='bbox 1027 1853 1240 1938; x_wconf 78' lang='grc' dir='ltr'><strong><em>ἑκατιρωθιν</em></strong></span> <span class='ocrx_word' id='word_1_148' title='bbox 1260 1853 1441 1932; x_wconf 81' lang='grc' dir='ltr'><strong><em>πληττόν-</em></strong></span> 
     </span>
     <span class='ocr_line' id='line_1_18' title="bbox 357 1933 1443 2027; baseline -0.004 -23"><span class='ocrx_word' id='word_1_149' title='bbox 357 1957 435 2004; x_wconf 82' lang='grc' dir='ltr'><strong><em>των.</em></strong></span> <span class='ocrx_word' id='word_1_150' title='bbox 459 1938 505 2010; x_wconf 76' lang='grc' dir='ltr'><strong>τύ</strong></span> <span class='ocrx_word' id='word_1_151' title='bbox 525 1937 591 2027; x_wconf 81' lang='grc' dir='ltr'><strong>γύρ</strong></span> <span class='ocrx_word' id='word_1_152' title='bbox 619 1935 754 2023; x_wconf 79' lang='grc' dir='ltr'><strong><em>κύματα</em></strong></span> <span class='ocrx_word' id='word_1_153' title='bbox 781 1937 963 2015; x_wconf 86' lang='grc' dir='ltr'><strong><em>κλύζονται</em></strong></span> <span class='ocrx_word' id='word_1_154' title='bbox 992 1939 1065 2001; x_wconf 80' lang='grc' dir='ltr'><strong>κατ’</strong></span> <span class='ocrx_word' id='word_1_155' title='bbox 1092 1935 1293 2020; x_wconf 72' lang='grc' dir='ltr'><strong><em>ἀμφοτέραν</em></strong></span> <span class='ocrx_word' id='word_1_156' title='bbox 1314 1933 1443 2018; x_wconf 58' lang='lat' dir='ltr'><strong>&amp;gear</strong></span> 
     </span>
     <span class='ocr_line' id='line_1_19' title="bbox 358 2016 1444 2103; baseline -0.004 -21"><span class='ocrx_word' id='word_1_157' title='bbox 358 2020 451 2102; x_wconf 81' lang='lat' dir='ltr'><strong>(Rom.</strong></span> <span class='ocrx_word' id='word_1_158' title='bbox 474 2033 501 2082; x_wconf 86' lang='lat' dir='ltr'><strong>et</strong></span> <span class='ocrx_word' id='word_1_159' title='bbox 520 2026 567 2086; x_wconf 88' lang='lat' dir='ltr'><strong>Br.</strong></span> <span class='ocrx_word' id='word_1_160' title='bbox 588 2017 713 2103; x_wconf 74' lang='grc' dir='ltr'><strong><em>ὄχθην)</em></strong></span> <span class='ocrx_word' id='word_1_161' title='bbox 734 2020 793 2092; x_wconf 79' lang='grc' dir='ltr'><strong>τῆς</strong></span> <span class='ocrx_word' id='word_1_162' title='bbox 814 2016 1006 2091; x_wconf 73' lang='grc' dir='ltr'><strong><em>θαλάσσης.</em></strong></span> <span class='ocrx_word' id='word_1_163' title='bbox 1038 2023 1080 2078; x_wconf 89' lang='lat' dir='ltr'><strong>De</strong></span> <span class='ocrx_word' id='word_1_164' title='bbox 1103 2026 1194 2094; x_wconf 87' lang='lat' dir='ltr'><strong>quibus</strong></span> <span class='ocrx_word' id='word_1_165' title='bbox 1217 2023 1444 2094; x_wconf 86' lang='lat' dir='ltr'><strong>optimeHerm.:</strong></span> 
     </span>
     <span class='ocr_line' id='line_1_20' title="bbox 358 2100 1442 2179; baseline -0.005 -17"><span class='ocrx_word' id='word_1_166' title='bbox 358 2105 408 2176; x_wconf 71' lang='lat' dir='ltr'><strong>ned</strong></span> <span class='ocrx_word' id='word_1_167' title='bbox 429 2115 563 2173; x_wconf 78' lang='lat' dir='ltr'><strong>accurate,</strong></span> <span class='ocrx_word' id='word_1_168' title='bbox 585 2109 687 2179; x_wconf 85' lang='lat' dir='ltr'><strong>inquit,</strong></span> <span class='ocrx_word' id='word_1_169' title='bbox 710 2122 799 2168; x_wconf 85' lang='lat' dir='ltr'><strong>eorum</strong></span> <span class='ocrx_word' id='word_1_170' title='bbox 820 2103 1003 2160; x_wconf 73' lang='lat' dir='ltr'><strong>adnotationes</strong></span> <span class='ocrx_word' id='word_1_171' title='bbox 1024 2102 1202 2160; x_wconf 73' lang='lat' dir='ltr'><strong>consideranti</strong></span> <span class='ocrx_word' id='word_1_172' title='bbox 1223 2101 1299 2158; x_wconf 86' lang='lat' dir='ltr'><strong>valde</strong></span> <span class='ocrx_word' id='word_1_173' title='bbox 1321 2100 1442 2158; x_wconf 86' lang='lat' dir='ltr'><strong>dubium</strong></span> 
     </span>
     <span class='ocr_line' id='line_1_21' title="bbox 355 2173 1444 2258; baseline -0.006 -12"><span class='ocrx_word' id='word_1_174' title='bbox 355 2187 478 2246; x_wconf 78' lang='lat' dir='ltr'><strong>videatur</strong></span> <span class='ocrx_word' id='word_1_175' title='bbox 504 2204 614 2246; x_wconf 84' lang='lat' dir='ltr'><strong>necesse</strong></span> <span class='ocrx_word' id='word_1_176' title='bbox 636 2193 692 2253; x_wconf 85' lang='lat' dir='ltr'><strong>est,</strong></span> <span class='ocrx_word' id='word_1_177' title='bbox 720 2192 805 2242; x_wconf 89' lang='lat' dir='ltr'><strong>utrum</strong></span> <span class='ocrx_word' id='word_1_178' title='bbox 826 2185 874 2241; x_wconf 89' lang='lat' dir='ltr'><strong>illo</strong></span> <span class='ocrx_word' id='word_1_179' title='bbox 894 2185 974 2240; x_wconf 83' lang='lat' dir='ltr'><strong>verbo</strong></span> <span class='ocrx_word' id='word_1_180' title='bbox 997 2173 1209 2256; x_wconf 73' lang='grc' dir='ltr'><strong><em>κλύζεσθαν,</em></strong></span> <span class='ocrx_word' id='word_1_181' title='bbox 1237 2203 1287 2258; x_wconf 90' lang='lat' dir='ltr'><strong>quo</strong></span> <span class='ocrx_word' id='word_1_182' title='bbox 1309 2191 1444 2251; x_wconf 88' lang='lat' dir='ltr'><strong>utuntur,</strong></span> 
     </span>
     <span class='ocr_line' id='line_1_22' title="bbox 262 2257 1443 2350; baseline -0.003 -25"><span class='ocrx_word' id='word_1_183' title='bbox 262 2337 265 2350; x_wconf 34' lang='grc'>1</span> <span class='ocrx_word' id='word_1_184' title='bbox 356 2271 522 2344; x_wconf 79' lang='lat' dir='ltr'><strong>participium</strong></span> <span class='ocrx_word' id='word_1_185' title='bbox 545 2259 686 2345; x_wconf 77' lang='grc' dir='ltr'><strong><em>κλύζων,</em></strong></span> <span class='ocrx_word' id='word_1_186' title='bbox 707 2287 741 2324; x_wconf 89' lang='lat' dir='ltr'><strong>an</strong></span> <span class='ocrx_word' id='word_1_187' title='bbox 755 2286 851 2328; x_wconf 88' lang='lat' dir='ltr'><strong>nomen</strong></span> <span class='ocrx_word' id='word_1_188' title='bbox 862 2257 1443 2346; x_wconf 70' lang='lat' dir='ltr'><strong>a&#39;pocpoadrlttttovexplicarevoluerint.“</strong></span> 
     </span>
     <span class='ocr_line' id='line_1_23' title="bbox 356 2342 1440 2427; baseline -0.004 -17"><span class='ocrx_word' id='word_1_189' title='bbox 356 2349 449 2425; x_wconf 87' lang='lat' dir='ltr'><strong>ltaque</strong></span> <span class='ocrx_word' id='word_1_190' title='bbox 474 2354 561 2427; x_wconf 86' lang='lat' dir='ltr'><strong>possit</strong></span> <span class='ocrx_word' id='word_1_191' title='bbox 587 2359 656 2410; x_wconf 87' lang='lat' dir='ltr'><strong>certe</strong></span> <span class='ocrx_word' id='word_1_192' title='bbox 677 2352 725 2413; x_wconf 88' lang='lat' dir='ltr'><strong>ille</strong></span> <span class='ocrx_word' id='word_1_193' title='bbox 746 2342 856 2411; x_wconf 76' lang='grc' dir='ltr'><strong><em>κλύων</em></strong></span> <span class='ocrx_word' id='word_1_194' title='bbox 881 2351 1018 2420; x_wconf 86' lang='lat' dir='ltr'><strong>habuisse,</strong></span> <span class='ocrx_word' id='word_1_195' title='bbox 1047 2351 1117 2425; x_wconf 84' lang='lat' dir='ltr'><strong>quod</strong></span> <span class='ocrx_word' id='word_1_196' title='bbox 1138 2355 1166 2410; x_wconf 93' lang='lat' dir='ltr'><strong>in</strong></span> <span class='ocrx_word' id='word_1_197' title='bbox 1187 2350 1246 2410; x_wconf 89' lang='lat' dir='ltr'><strong>cod.</strong></span> <span class='ocrx_word' id='word_1_198' title='bbox 1268 2345 1303 2410; x_wconf 90' lang='grc' dir='ltr'><em>Γ</em></span> <span class='ocrx_word' id='word_1_199' title='bbox 1320 2357 1346 2406; x_wconf 88' lang='lat' dir='ltr'><strong>et</strong></span> <span class='ocrx_word' id='word_1_200' title='bbox 1366 2348 1440 2412; x_wconf 82' lang='lat' dir='ltr'><strong>Vat.</strong></span> 
     </span>
     <span class='ocr_line' id='line_1_24' title="bbox 358 2431 1435 2512; baseline -0.002 -20"><span class='ocrx_word' id='word_1_201' title='bbox 358 2443 387 2492; x_wconf 88' lang='lat' dir='ltr'><strong>et</strong></span> <span class='ocrx_word' id='word_1_202' title='bbox 414 2433 476 2498; x_wconf 88' lang='lat' dir='ltr'><strong>inde</strong></span> <span class='ocrx_word' id='word_1_203' title='bbox 504 2453 522 2494; x_wconf 90' lang='lat' dir='ltr'><strong>a</strong></span> <span class='ocrx_word' id='word_1_204' title='bbox 551 2433 664 2494; x_wconf 83' lang='lat' dir='ltr'><strong>Cantero</strong></span> <span class='ocrx_word' id='word_1_205' title='bbox 689 2439 718 2494; x_wconf 92' lang='lat' dir='ltr'><strong>in</strong></span> <span class='ocrx_word' id='word_1_206' title='bbox 735 2434 808 2494; x_wconf 65' lang='lat' dir='ltr'><strong>⁴edd.</strong></span> <span class='ocrx_word' id='word_1_207' title='bbox 838 2455 908 2493; x_wconf 78' lang='lat' dir='ltr'><strong>ornn-</strong></span> <span class='ocrx_word' id='word_1_208' title='bbox 934 2435 1038 2512; x_wconf 82' lang='lat' dir='ltr'><strong>legitur.</strong></span> <span class='ocrx_word' id='word_1_209' title='bbox 1080 2433 1151 2492; x_wconf 86' lang='lat' dir='ltr'><strong>Nam</strong></span> <span class='ocrx_word' id='word_1_210' title='bbox 1173 2433 1306 2512; x_wconf 85' lang='lat' dir='ltr'><strong>quomodo</strong></span> <span class='ocrx_word' id='word_1_211' title='bbox 1325 2431 1435 2490; x_wconf 87' lang='lat' dir='ltr'><strong>Buttm.</strong></span> 
     </span>
     <span class='ocr_line' id='line_1_25' title="bbox 357 2515 1436 2596; baseline -0.003 -20"><span class='ocrx_word' id='word_1_212' title='bbox 357 2515 499 2596; x_wconf 76' lang='lat' dir='ltr'><strong>Sophoclis</strong></span> <span class='ocrx_word' id='word_1_213' title='bbox 527 2521 608 2578; x_wconf 82' lang='lat' dir='ltr'><strong>verba</strong></span> <span class='ocrx_word' id='word_1_214' title='bbox 636 2521 668 2578; x_wconf 80' lang='lat' dir='ltr'><strong>ab</strong></span> <span class='ocrx_word' id='word_1_215' title='bbox 696 2520 744 2576; x_wconf 93' lang='lat' dir='ltr'><strong>illo</strong></span> <span class='ocrx_word' id='word_1_216' title='bbox 764 2520 907 2595; x_wconf 37' lang='lat' dir='ltr'><strong>,explicata</strong></span> <span class='ocrx_word' id='word_1_217' title='bbox 928 2537 989 2578; x_wconf 83' lang='lat' dir='ltr'><strong>esse</strong></span> <span class='ocrx_word' id='word_1_218' title='bbox 1009 2516 1135 2588; x_wconf 88' lang='lat' dir='ltr'><strong>credidit,</strong></span> <span class='ocrx_word' id='word_1_219' title='bbox 1163 2521 1294 2577; x_wconf 88' lang='lat' dir='ltr'><strong>neminem</strong></span> <span class='ocrx_word' id='word_1_220' title='bbox 1314 2535 1436 2592; x_wconf 83' lang='lat' dir='ltr'><strong>unquam</strong></span> 
     </span>
     <span class='ocr_line' id='line_1_26' title="bbox 356 2603 854 2681; baseline -0.004 -15"><span class='ocrx_word' id='word_1_221' title='bbox 356 2603 523 2680; x_wconf 76' lang='lat' dir='ltr'><strong>interpretari</strong></span> <span class='ocrx_word' id='word_1_222' title='bbox 543 2623 624 2681; x_wconf 76' lang='lat' dir='ltr'><strong>posse</strong></span> <span class='ocrx_word' id='word_1_223' title='bbox 644 2605 713 2662; x_wconf 89' lang='lat' dir='ltr'><strong>ultro</strong></span> <span class='ocrx_word' id='word_1_224' title='bbox 736 2610 854 2678; x_wconf 86' lang='lat' dir='ltr'><strong>apparet.</strong></span> 
     </span>
    </p>

    <p class='ocr_par' dir='ltr' id='par_1_4' title="bbox 356 2685 1435 3514">
     <span class='ocr_line' id='line_1_27' title="bbox 443 2685 1434 2762; baseline -0.004 -18"><span class='ocrx_word' id='word_1_225' title='bbox 443 2685 519 2751; x_wconf 89' lang='lat' dir='ltr'><strong>Haeo</strong></span> <span class='ocrx_word' id='word_1_226' title='bbox 541 2691 629 2748; x_wconf 87' lang='lat' dir='ltr'><strong>omnia</strong></span> <span class='ocrx_word' id='word_1_227' title='bbox 650 2690 771 2762; x_wconf 78' lang='lat' dir='ltr'><strong>exposui,</strong></span> <span class='ocrx_word' id='word_1_228' title='bbox 792 2694 830 2754; x_wconf 91' lang='lat' dir='ltr'><strong>ut,</strong></span> <span class='ocrx_word' id='word_1_229' title='bbox 853 2705 904 2762; x_wconf 85' lang='lat' dir='ltr'><strong>qno</strong></span> <span class='ocrx_word' id='word_1_230' title='bbox 926 2687 1113 2762; x_wconf 77' lang='lat' dir='ltr'><strong>angustiorem,</strong></span> <span class='ocrx_word' id='word_1_231' title='bbox 1136 2703 1168 2740; x_wconf 92' lang='lat' dir='ltr'><strong>eo</strong></span> <span class='ocrx_word' id='word_1_232' title='bbox 1191 2688 1269 2744; x_wconf 90' lang='lat' dir='ltr'><strong>etiam</strong></span> <span class='ocrx_word' id='word_1_233' title='bbox 1292 2687 1434 2743; x_wconf 79' lang='lat' dir='ltr'><strong>certiorem</strong></span> 
     </span>
     <span class='ocr_line' id='line_1_28' title="bbox 357 2769 1435 2844; baseline 0 -16"><span class='ocrx_word' id='word_1_234' title='bbox 357 2773 430 2828; x_wconf 82' lang='lat' dir='ltr'><strong>viam</strong></span> <span class='ocrx_word' id='word_1_235' title='bbox 454 2773 595 2838; x_wconf 81' lang='lat' dir='ltr'><strong>munirem,</strong></span> <span class='ocrx_word' id='word_1_236' title='bbox 626 2789 677 2844; x_wconf 80' lang='lat' dir='ltr'><strong>qua</strong></span> <span class='ocrx_word' id='word_1_237' title='bbox 701 2769 736 2826; x_wconf 85' lang='lat' dir='ltr'><strong>ad</strong></span> <span class='ocrx_word' id='word_1_238' title='bbox 761 2771 891 2844; x_wconf 88' lang='lat' dir='ltr'><strong>propriam</strong></span> <span class='ocrx_word' id='word_1_239' title='bbox 913 2769 1053 2844; x_wconf 81' lang='lat' dir='ltr'><strong>Sophoclis</strong></span> <span class='ocrx_word' id='word_1_240' title='bbox 1075 2787 1196 2838; x_wconf 83' lang='grc' dir='ltr'><strong><em>ιιιιιιιιιιι,</em></strong></span> <span class='ocrx_word' id='word_1_241' title='bbox 1229 2777 1352 2844; x_wconf 86' lang='lat' dir='ltr'><strong>quantum</strong></span> <span class='ocrx_word' id='word_1_242' title='bbox 1373 2769 1435 2828; x_wconf 76' lang='lat' dir='ltr'><strong>lieri</strong></span> 
     </span>
     <span class='ocr_line' id='line_1_29' title="bbox 356 2851 1434 2931; baseline -0.002 -22"><span class='ocrx_word' id='word_1_243' title='bbox 356 2860 466 2931; x_wconf 82' lang='lat' dir='ltr'><strong>posset,</strong></span> <span class='ocrx_word' id='word_1_244' title='bbox 488 2853 682 2920; x_wconf 77' lang='lat' dir='ltr'><strong>accederemus.</strong></span> <span class='ocrx_word' id='word_1_245' title='bbox 723 2851 865 2911; x_wconf 81' lang='lat' dir='ltr'><strong>Videamus</strong></span> <span class='ocrx_word' id='word_1_246' title='bbox 887 2855 981 2928; x_wconf 75' lang='lat' dir='ltr'><strong>igitur,</strong></span> <span class='ocrx_word' id='word_1_247' title='bbox 1005 2851 1134 2927; x_wconf 84' lang='lat' dir='ltr'><strong>quomodo</strong></span> <span class='ocrx_word' id='word_1_248' title='bbox 1158 2872 1234 2927; x_wconf 82' lang='lat' dir='ltr'><strong>quam</strong></span> <span class='ocrx_word' id='word_1_249' title='bbox 1256 2857 1361 2910; x_wconf 88' lang='lat' dir='ltr'><strong>minimo</strong></span> <span class='ocrx_word' id='word_1_250' title='bbox 1385 2859 1434 2908; x_wconf 91' lang='lat' dir='ltr'><strong>aot</strong></span> 
     </span>
     <span class='ocr_line' id='line_1_30' title="bbox 356 2933 1432 3008; baseline -0.002 -14"><span class='ocrx_word' id='word_1_251' title='bbox 356 2953 377 3000; x_wconf 65' lang='lat' dir='ltr'><strong>,a</strong></span> <span class='ocrx_word' id='word_1_252' title='bbox 403 2933 513 2993; x_wconf 86' lang='lat' dir='ltr'><strong>scholiis</strong></span> <span class='ocrx_word' id='word_1_253' title='bbox 542 2942 588 2992; x_wconf 89' lang='lat' dir='ltr'><strong>aut</strong></span> <span class='ocrx_word' id='word_1_254' title='bbox 616 2953 632 2994; x_wconf 85' lang='lat' dir='ltr'><strong>a</strong></span> <span class='ocrx_word' id='word_1_255' title='bbox 657 2936 732 2994; x_wconf 83' lang='lat' dir='ltr'><strong>libris</strong></span> <span class='ocrx_word' id='word_1_256' title='bbox 753 2933 933 3008; x_wconf 72' lang='lat' dir='ltr'><strong>recedamus„</strong></span> <span class='ocrx_word' id='word_1_257' title='bbox 950 2939 989 2999; x_wconf 83' lang='lat' dir='ltr'><strong>ita</strong></span> <span class='ocrx_word' id='word_1_258' title='bbox 1010 2943 1097 2993; x_wconf 86' lang='lat' dir='ltr'><strong>tamen</strong></span> <span class='ocrx_word' id='word_1_259' title='bbox 1118 2944 1148 2992; x_wconf 92' lang='lat' dir='ltr'><strong>ut</strong></span> <span class='ocrx_word' id='word_1_260' title='bbox 1169 2945 1196 2994; x_wconf 87' lang='lat' dir='ltr'><strong>et</strong></span> <span class='ocrx_word' id='word_1_261' title='bbox 1216 2947 1300 2994; x_wconf 89' lang='lat' dir='ltr'><strong>metro</strong></span> <span class='ocrx_word' id='word_1_262' title='bbox 1322 2945 1349 2992; x_wconf 89' lang='lat' dir='ltr'><strong>et</strong></span> <span class='ocrx_word' id='word_1_263' title='bbox 1370 2955 1432 2994; x_wconf 92' lang='lat' dir='ltr'><strong>sen·</strong></span> 
     </span>
     <span class='ocr_line' id='line_1_31' title="bbox 360 3017 1433 3095; baseline -0.002 -19"><span class='ocrx_word' id='word_1_264' title='bbox 360 3023 460 3088; x_wconf 79' lang='lat' dir='ltr'><strong>tentiae</strong></span> <span class='ocrx_word' id='word_1_265' title='bbox 495 3019 616 3078; x_wconf 88' lang='lat' dir='ltr'><strong>satisfiat.</strong></span> <span class='ocrx_word' id='word_1_266' title='bbox 674 3017 812 3095; x_wconf 83' lang='lat' dir='ltr'><strong>Adsciipsi</strong></span> <span class='ocrx_word' id='word_1_267' title='bbox 841 3028 928 3078; x_wconf 88' lang='lat' dir='ltr'><strong>autem</strong></span> <span class='ocrx_word' id='word_1_268' title='bbox 961 3017 1100 3094; x_wconf 87' lang='lat' dir='ltr'><strong>Sophoclis</strong></span> <span class='ocrx_word' id='word_1_269' title='bbox 1131 3022 1245 3088; x_wconf 88' lang='lat' dir='ltr'><strong>verba,·</strong></span> <span class='ocrx_word' id='word_1_270' title='bbox 1263 3039 1328 3094; x_wconf 86' lang='lat' dir='ltr'><strong>quae</strong></span> <span class='ocrx_word' id='word_1_271' title='bbox 1357 3027 1433 3076; x_wconf 87' lang='lat' dir='ltr'><strong>recta</strong></span> 
     </span>
     <span class='ocr_line' id='line_1_32' title="bbox 358 3090 1431 3179; baseline -0.004 -17"><span class='ocrx_word' id='word_1_272' title='bbox 358 3099 501 3162; x_wconf 75' lang='lat' dir='ltr'><strong>arbitratus</strong></span> <span class='ocrx_word' id='word_1_273' title='bbox 536 3121 610 3172; x_wconf 82' lang='lat' dir='ltr'><strong>sum,</strong></span> <span class='ocrx_word' id='word_1_274' title='bbox 648 3104 762 3179; x_wconf 80' lang='lat' dir='ltr'><strong>singulis</strong></span> <span class='ocrx_word' id='word_1_275' title='bbox 791 3102 916 3178; x_wconf 87' lang='lat' dir='ltr'><strong>strophae</strong></span> <span class='ocrx_word' id='word_1_276' title='bbox 946 3090 1176 3178; x_wconf 84' lang='lat' dir='ltr'><strong>antistrophaeque</strong></span> <span class='ocrx_word' id='word_1_277' title='bbox 1203 3106 1338 3172; x_wconf 78' lang='lat' dir='ltr'><strong>versibus,</strong></span> <span class='ocrx_word' id='word_1_278' title='bbox 1378 3121 1431 3177; x_wconf 90' lang='lat' dir='ltr'><strong>quo</strong></span> 
     </span>
     <span class='ocr_line' id='line_1_33' title="bbox 359 3187 1431 3264; baseline -0.004 -18"><span class='ocrx_word' id='word_1_279' title='bbox 359 3189 518 3263; x_wconf 83' lang='lat' dir='ltr'><strong>comparatio</strong></span> <span class='ocrx_word' id='word_1_280' title='bbox 547 3195 620 3256; x_wconf 76' lang='lat' dir='ltr'><strong>esset</strong></span> <span class='ocrx_word' id='word_1_281' title='bbox 648 3187 768 3256; x_wconf 82' lang='lat' dir='ltr'><strong>facilior,</strong></span> <span class='ocrx_word' id='word_1_282' title='bbox 804 3189 971 3263; x_wconf 84' lang='lat' dir='ltr'><strong>compositis,</strong></span> <span class='ocrx_word' id='word_1_283' title='bbox 1007 3187 1213 3264; x_wconf 78' lang='lat' dir='ltr'><strong>significatioque</strong></span> <span class='ocrx_word' id='word_1_284' title='bbox 1242 3189 1431 3252; x_wconf 80' lang='lat' dir='ltr'><strong>mutationibus</strong></span> 
     </span>
     <span class='ocr_line' id='line_1_34' title="bbox 360 3269 1433 3336; baseline -0.002 -9"><span class='ocrx_word' id='word_1_285' title='bbox 360 3277 389 3327; x_wconf 92' lang='lat' dir='ltr'><strong>et</strong></span> <span class='ocrx_word' id='word_1_286' title='bbox 417 3272 530 3328; x_wconf 84' lang='lat' dir='ltr'><strong>aliorum</strong></span> <span class='ocrx_word' id='word_1_287' title='bbox 558 3277 585 3330; x_wconf 84' lang='lat' dir='ltr'><strong>et</strong></span> <span class='ocrx_word' id='word_1_288' title='bbox 605 3272 682 3328; x_wconf 84' lang='lat' dir='ltr'><strong>meir.</strong></span> <span class='ocrx_word' id='word_1_289' title='bbox 724 3269 756 3328; x_wconf 92' lang='lat' dir='ltr'><strong>In</strong></span> <span class='ocrx_word' id='word_1_290' title='bbox 777 3274 848 3328; x_wconf 82' lang='lat' dir='ltr'><strong>notis</strong></span> <span class='ocrx_word' id='word_1_291' title='bbox 870 3269 964 3328; x_wconf 87' lang='lat' dir='ltr'><strong>deinde</strong></span> <span class='ocrx_word' id='word_1_292' title='bbox 987 3279 1013 3328; x_wconf 87' lang='lat' dir='ltr'><strong>et</strong></span> <span class='ocrx_word' id='word_1_293' title='bbox 1034 3271 1152 3330; x_wconf 85' lang='lat' dir='ltr'><strong>mutandi</strong></span> <span class='ocrx_word' id='word_1_294' title='bbox 1173 3291 1266 3329; x_wconf 85' lang='lat' dir='ltr'><strong>causas</strong></span> <span class='ocrx_word' id='word_1_295' title='bbox 1288 3277 1315 3328; x_wconf 87' lang='lat' dir='ltr'><strong>et</strong></span> <span class='ocrx_word' id='word_1_296' title='bbox 1336 3278 1433 3336; x_wconf 87' lang='lat' dir='ltr'><strong>cetera,</strong></span> 
     </span>
     <span class='ocr_line' id='line_1_35' title="bbox 359 3351 1431 3431; baseline 0 -23"><span class='ocrx_word' id='word_1_297' title='bbox 359 3370 427 3427; x_wconf 81' lang='lat' dir='ltr'><strong>puae</strong></span> <span class='ocrx_word' id='word_1_298' title='bbox 453 3355 605 3409; x_wconf 85' lang='lat' dir='ltr'><strong>necessaria</strong></span> <span class='ocrx_word' id='word_1_299' title='bbox 632 3351 801 3420; x_wconf 77' lang='lat' dir='ltr'><strong>ridebantur,</strong></span> <span class='ocrx_word' id='word_1_300' title='bbox 830 3353 929 3430; x_wconf 86' lang='lat' dir='ltr'><strong>adjeci,</strong></span> <span class='ocrx_word' id='word_1_301' title='bbox 956 3354 988 3410; x_wconf 92' lang='lat' dir='ltr'><strong>de</strong></span> <span class='ocrx_word' id='word_1_302' title='bbox 1016 3357 1111 3414; x_wconf 89' lang='lat' dir='ltr'><strong>ceteris</strong></span> <span class='ocrx_word' id='word_1_303' title='bbox 1139 3374 1218 3431; x_wconf 88' lang='lat' dir='ltr'><strong>quum</strong></span> <span class='ocrx_word' id='word_1_304' title='bbox 1245 3355 1281 3412; x_wconf 84' lang='lat' dir='ltr'><strong>ad</strong></span> <span class='ocrx_word' id='word_1_305' title='bbox 1309 3355 1431 3422; x_wconf 89' lang='lat' dir='ltr'><strong>aliorum,</strong></span> 
     </span>
     <span class='ocr_line' id='line_1_36' title="bbox 359 3433 1033 3514; baseline 0.006 -22"><span class='ocrx_word' id='word_1_306' title='bbox 359 3443 414 3512; x_wconf 79' lang='lat' dir='ltr'><strong>tum</strong></span> <span class='ocrx_word' id='word_1_307' title='bbox 437 3434 472 3492; x_wconf 87' lang='lat' dir='ltr'><strong>ad</strong></span> <span class='ocrx_word' id='word_1_308' title='bbox 492 3433 585 3492; x_wconf 85' lang='lat' dir='ltr'><strong>Herm.</strong></span> <span class='ocrx_word' id='word_1_309' title='bbox 606 3433 747 3492; x_wconf 86' lang='lat' dir='ltr'><strong>editionem</strong></span> <span class='ocrx_word' id='word_1_310' title='bbox 767 3437 881 3501; x_wconf 82' lang='lat' dir='ltr'><strong>lectores</strong></span> <span class='ocrx_word' id='word_1_311' title='bbox 902 3439 1033 3514; x_wconf 81' lang='lat' dir='ltr'><strong>relegans.</strong></span> 
     </span>
    </p>
   </div>
   <div class='ocr_carea' id='block_1_3' title="bbox 352 3550 1431 3746">
    <p class='ocr_par' dir='ltr' id='par_1_5' title="bbox 352 3550 1431 3746">
     <span class='ocr_line' id='line_1_37' title="bbox 442 3550 1295 3651; baseline 0 -23"><span class='ocrx_word' id='word_1_312' title='bbox 442 3560 515 3628; x_wconf 83' lang='grc'><strong>676.</strong></span> <span class='ocrx_word' id='word_1_313' title='bbox 540 3550 663 3651; x_wconf 76' lang='grc' dir='ltr'><strong>ΙΛόγῳ</strong></span> <span class='ocrx_word' id='word_1_314' title='bbox 684 3561 750 3648; x_wconf 79' lang='grc' dir='ltr'><strong><em>μὲν</em></strong></span> <span class='ocrx_word' id='word_1_315' title='bbox 772 3559 936 3641; x_wconf 62' lang='grc' dir='ltr'><strong><em>ἐξήκονθ,</em></strong></span> <span class='ocrx_word' id='word_1_316' title='bbox 957 3559 1079 3628; x_wconf 85' lang='grc' dir='ltr'><strong><em>ὄπωπα</em></strong></span> <span class='ocrx_word' id='word_1_317' title='bbox 1098 3560 1169 3629; x_wconf 84' lang='grc' dir='ltr'><strong>ὃόύ</strong></span> <span class='ocrx_word' id='word_1_318' title='bbox 1189 3561 1295 3648; x_wconf 84' lang='grc' dir='ltr'><strong><em>μύλα,</em></strong></span> 
     </span>
     <span class='ocr_line' id='line_1_38' title="bbox 352 3632 1431 3746; baseline -0.002 -32"><span class='ocrx_word' id='word_1_319' title='bbox 352 3737 358 3746; x_wconf 29' lang='lat'><strong><em>¹</em></strong></span> <span class='ocrx_word' id='word_1_320' title='bbox 441 3647 514 3734; x_wconf 79' lang='grc'><strong>692.</strong></span> <span class='ocrx_word' id='word_1_321' title='bbox 548 3637 608 3730; x_wconf 63' lang='lat' dir='ltr'><strong>‘&#39;Ia’&#39;</strong></span> <span class='ocrx_word' id='word_1_322' title='bbox 634 3646 737 3724; x_wconf 78' lang='grc' dir='ltr'><strong><em>αὐτὸς</em></strong></span> <span class='ocrx_word' id='word_1_323' title='bbox 756 3632 801 3734; x_wconf 81' lang='grc' dir='ltr'><strong><em>ἦν</em></strong></span> <span class='ocrx_word' id='word_1_324' title='bbox 826 3651 851 3730; x_wconf 90' lang='lat'><strong>¹)</strong></span> <span class='ocrx_word' id='word_1_325' title='bbox 874 3639 1065 3734; x_wconf 79' lang='grc' dir='ltr'><strong><em>πρόςονρος,</em></strong></span> <span class='ocrx_word' id='word_1_326' title='bbox 1097 3651 1123 3731; x_wconf 82' lang='lat'><strong>²)</strong></span> <span class='ocrx_word' id='word_1_327' title='bbox 1140 3645 1201 3714; x_wconf 89' lang='grc' dir='ltr'><strong>ούκ</strong></span> <span class='ocrx_word' id='word_1_328' title='bbox 1223 3645 1306 3736; x_wconf 70' lang='grc' dir='ltr'><strong><em>ἔχων</em></strong></span> <span class='ocrx_word' id='word_1_329' title='bbox 1324 3643 1431 3734; x_wconf 75' lang='grc' dir='ltr'><strong><em>βάσιν</em></strong></span> 
     </span>
    </p>
   </div>
   <div class='ocr_carea' id='block_1_4' title="bbox 358 3825 562 3856">
    <p class='ocr_par' dir='ltr' id='par_1_6' title="bbox 358 3825 562 3856">
     <span class='ocr_line' id='line_1_39' title="bbox 358 3825 562 3856; baseline 0 -14"><span class='ocrx_word' id='word_1_330' title='bbox 358 3825 562 3856; x_wconf 46' lang='grc' dir='ltr'><strong>μη...-</strong></span> 
     </span>
    </p>
   </div>
   <div class='ocr_carea' id='block_1_5' title="bbox 348 3922 1429 4344">
    <p class='ocr_par' dir='ltr' id='par_1_7' title="bbox 424 3922 1429 4003">
     <span class='ocr_line' id='line_1_40' title="bbox 424 3922 1429 4003; baseline -0.006 -15"><span class='ocrx_word' id='word_1_331' title='bbox 424 3933 447 3988; x_wconf 79' lang='lat'><strong>¹)</strong></span> <span class='ocrx_word' id='word_1_332' title='bbox 463 3939 572 3986; x_wconf 76' lang='lat' dir='ltr'><strong>itermin</strong></span> <span class='ocrx_word' id='word_1_333' title='bbox 582 3943 686 3990; x_wconf 78' lang='lat' dir='ltr'><strong>retracti.</strong></span> <span class='ocrx_word' id='word_1_334' title='bbox 704 3937 761 3988; x_wconf 81' lang='lat' dir='ltr'><strong>vidit</strong></span> <span class='ocrx_word' id='word_1_335' title='bbox 774 3939 846 3997; x_wconf 83' lang='lat' dir='ltr'><strong>ipsum</strong></span> <span class='ocrx_word' id='word_1_336' title='bbox 863 3927 913 3984; x_wconf 76' lang='lat' dir='ltr'><strong>riv</strong></span> <span class='ocrx_word' id='word_1_337' title='bbox 924 3928 1025 4003; x_wconf 66' lang='grc' dir='ltr'><strong><em>ῥόθιον</em></strong></span> <span class='ocrx_word' id='word_1_338' title='bbox 1039 3922 1112 3983; x_wconf 78' lang='lat' dir='ltr'><strong>solnln</strong></span> <span class='ocrx_word' id='word_1_339' title='bbox 1125 3934 1265 3984; x_wconf 83' lang='lat' dir='ltr'><strong>Philoctetae</strong></span> <span class='ocrx_word' id='word_1_340' title='bbox 1272 3938 1367 3984; x_wconf 82' lang='lat' dir='ltr'><strong>vicinum</strong></span> <span class='ocrx_word' id='word_1_341' title='bbox 1376 3937 1429 3998; x_wconf 86' lang='lat' dir='ltr'><strong>dici,</strong></span> 
     </span>
    </p>

    <p class='ocr_par' dir='ltr' id='par_1_8' title="bbox 348 3994 1428 4344">
     <span class='ocr_line' id='line_1_41' title="bbox 425 3994 1428 4067; baseline -0.001 -19"><span class='ocrx_word' id='word_1_342' title='bbox 425 3997 449 4064; x_wconf 81' lang='lat'><strong>¹)</strong></span> <span class='ocrx_word' id='word_1_343' title='bbox 466 4005 524 4049; x_wconf 70' lang='lat' dir='ltr'><strong>Mire</strong></span> <span class='ocrx_word' id='word_1_344' title='bbox 543 4005 627 4057; x_wconf 89' lang='lat' dir='ltr'><strong>Wnnd.</strong></span> <span class='ocrx_word' id='word_1_345' title='bbox 644 4013 732 4064; x_wconf 81' lang='lat' dir='ltr'><strong>censet,</strong></span> <span class='ocrx_word' id='word_1_346' title='bbox 756 4007 826 4051; x_wconf 80' lang='lat' dir='ltr'><strong>verbe</strong></span> <span class='ocrx_word' id='word_1_347' title='bbox 843 3998 892 4053; x_wconf 87' lang='grc' dir='ltr'><strong><em>ούιι</em></strong></span> <span class='ocrx_word' id='word_1_348' title='bbox 909 4001 979 4067; x_wconf 73' lang='grc' dir='ltr'><strong><em>ἔχων</em></strong></span> <span class='ocrx_word' id='word_1_349' title='bbox 995 3994 1078 4065; x_wconf 73' lang='grc' dir='ltr'><strong><em>ῥύσιν</em></strong></span> <span class='ocrx_word' id='word_1_350' title='bbox 1094 4018 1146 4055; x_wconf 80' lang='lat' dir='ltr'><strong>aoso</strong></span> <span class='ocrx_word' id='word_1_351' title='bbox 1164 4013 1282 4066; x_wconf 67' lang='lat' dir='ltr'><strong>coempto,</strong></span> <span class='ocrx_word' id='word_1_352' title='bbox 1310 4007 1363 4063; x_wconf 77' lang='lat' dir='ltr'><strong>qnia</strong></span> <span class='ocrx_word' id='word_1_353' title='bbox 1381 4017 1428 4048; x_wconf 92' lang='lat' dir='ltr'><strong>non</strong></span> 
     </span>
     <span class='ocr_line' id='line_1_42' title="bbox 361 4070 1428 4133; baseline 0.001 -21"><span class='ocrx_word' id='word_1_354' title='bbox 361 4071 461 4124; x_wconf 78' lang='lat' dir='ltr'><strong>cerucoit</strong></span> <span class='ocrx_word' id='word_1_355' title='bbox 481 4070 542 4117; x_wconf 85' lang='lat' dir='ltr'><strong>Phil.</strong></span> <span class='ocrx_word' id='word_1_356' title='bbox 564 4075 631 4120; x_wconf 78' lang='lat' dir='ltr'><strong>condi</strong></span> <span class='ocrx_word' id='word_1_357' title='bbox 648 4073 837 4131; x_wconf 63' lang='lat' dir='ltr'><strong>l&#39;roultnte,«ccd</strong></span> <span class='ocrx_word' id='word_1_358' title='bbox 856 4086 936 4118; x_wconf 81' lang='lat' dir='ltr'><strong>revera</strong></span> <span class='ocrx_word' id='word_1_359' title='bbox 952 4072 1082 4120; x_wconf 73' lang='lat' dir='ltr'><strong>incesserit,</strong></span> <span class='ocrx_word' id='word_1_360' title='bbox 1112 4076 1142 4118; x_wconf 76' lang='lat' dir='ltr'><strong>At</strong></span> <span class='ocrx_word' id='word_1_361' title='bbox 1159 4085 1222 4133; x_wconf 77' lang='grc' dir='ltr'><strong><em>ιῙιιιιιι</em></strong></span> <span class='ocrx_word' id='word_1_362' title='bbox 1241 4072 1280 4120; x_wconf 88' lang='lat' dir='ltr'><strong>ille</strong></span> <span class='ocrx_word' id='word_1_363' title='bbox 1300 4073 1428 4118; x_wconf 72' lang='lat' dir='ltr'><strong>fucultatem</strong></span> 
     </span>
     <span class='ocr_line' id='line_1_43' title="bbox 348 4134 1427 4191; baseline 0.001 -11"><span class='ocrx_word' id='word_1_364' title='bbox 348 4134 453 4191; x_wconf 73' lang='lat' dir='ltr'><strong>hahuit,</strong></span> <span class='ocrx_word' id='word_1_365' title='bbox 484 4147 512 4182; x_wconf 77' lang='lat' dir='ltr'><strong>oe</strong></span> <span class='ocrx_word' id='word_1_366' title='bbox 537 4149 582 4184; x_wconf 89' lang='lat' dir='ltr'><strong>non</strong></span> <span class='ocrx_word' id='word_1_367' title='bbox 605 4155 660 4186; x_wconf 79' lang='lat' dir='ltr'><strong>vera</strong></span> <span class='ocrx_word' id='word_1_368' title='bbox 685 4149 734 4186; x_wconf 81' lang='lat' dir='ltr'><strong>eret</strong></span> <span class='ocrx_word' id='word_1_369' title='bbox 759 4142 865 4188; x_wconf 72' lang='lat' dir='ltr'><strong>facultas.</strong></span> <span class='ocrx_word' id='word_1_370' title='bbox 904 4139 993 4186; x_wconf 82' lang='lat' dir='ltr'><strong>Oblitus</strong></span> <span class='ocrx_word' id='word_1_371' title='bbox 1014 4138 1099 4190; x_wconf 82' lang='lat' dir='ltr'><strong>Wnnd.</strong></span> <span class='ocrx_word' id='word_1_372' title='bbox 1125 4147 1160 4186; x_wconf 83' lang='lat' dir='ltr'><strong>ert</strong></span> <span class='ocrx_word' id='word_1_373' title='bbox 1184 4153 1265 4186; x_wconf 84' lang='lat' dir='ltr'><strong>verona</strong></span> <span class='ocrx_word' id='word_1_374' title='bbox 1286 4141 1344 4184; x_wconf 63' lang='grc' dir='ltr'><strong><em>σει.</em></strong></span> <span class='ocrx_word' id='word_1_375' title='bbox 1363 4137 1427 4183; x_wconf 86' lang='lat' dir='ltr'><strong>modo</strong></span> 
     </span>
     <span class='ocr_line' id='line_1_44' title="bbox 362 4191 1428 4277; baseline 0 -23"><span class='ocrx_word' id='word_1_376' title='bbox 362 4202 520 4262; x_wconf 67' lang='lat' dir='ltr'><strong>umeetlenlis</strong></span> <span class='ocrx_word' id='word_1_377' title='bbox 537 4197 552 4262; x_wconf 77' lang='grc' dir='ltr'><em>ἢ</em></span> <span class='ocrx_word' id='word_1_378' title='bbox 568 4198 597 4266; x_wconf 73' lang='grc' dir='ltr'><strong>μ’</strong></span> <span class='ocrx_word' id='word_1_379' title='bbox 615 4201 717 4268; x_wconf 69' lang='grc' dir='ltr'><strong><em>ἔθηκεν</em></strong></span> <span class='ocrx_word' id='word_1_380' title='bbox 733 4191 783 4256; x_wconf 69' lang='grc' dir='ltr'><strong>ὧδ’</strong></span> <span class='ocrx_word' id='word_1_381' title='bbox 803 4200 905 4266; x_wconf 73' lang='grc' dir='ltr'><strong><em>ἄπουν,</em></strong></span> <span class='ocrx_word' id='word_1_382' title='bbox 924 4213 947 4251; x_wconf 84' lang='lat' dir='ltr'><strong>et</strong></span> <span class='ocrx_word' id='word_1_383' title='bbox 963 4207 1113 4277; x_wconf 67' lang='lat' dir='ltr'><strong>[monentium</strong></span> <span class='ocrx_word' id='word_1_384' title='bbox 1125 4199 1237 4266; x_wconf 73' lang='lat' dir='ltr'><strong>liurnodi</strong></span> <span class='ocrx_word' id='word_1_385' title='bbox 1250 4207 1428 4270; x_wconf 68' lang='lat' dir='ltr'><strong>expressionem,</strong></span> 
     </span>
     <span class='ocr_line' id='line_1_45' title="bbox 364 4269 941 4344; baseline 0.009 -29"><span class='ocrx_word' id='word_1_386' title='bbox 364 4269 514 4340; x_wconf 66' lang='lat' dir='ltr'><strong>pctntpritrpne</strong></span> <span class='ocrx_word' id='word_1_387' title='bbox 531 4283 580 4318; x_wconf 82' lang='lat' dir='ltr'><strong>eun</strong></span> <span class='ocrx_word' id='word_1_388' title='bbox 598 4272 674 4334; x_wconf 70' lang='lat' dir='ltr'><strong>tropa.</strong></span> <span class='ocrx_word' id='word_1_389' title='bbox 691 4287 781 4344; x_wconf 65' lang='lat' dir='ltr'><strong>quoqne</strong></span> <span class='ocrx_word' id='word_1_390' title='bbox 799 4277 822 4322; x_wconf 88' lang='lat' dir='ltr'><strong>in</strong></span> <span class='ocrx_word' id='word_1_391' title='bbox 839 4281 941 4331; x_wconf 78' lang='lat' dir='ltr'><strong>retractt,</strong></span> 
     </span>
    </p>
   </div>
   <div class='ocr_carea' id='block_1_6' title="bbox 0 0 1524 5168">
    <p class='ocr_par' dir='ltr' id='par_1_9' title="bbox 0 0 1524 5168">
     <span class='ocr_line' id='line_1_46' title="bbox 0 0 1524 5168; baseline 0 0"><span class='ocrx_word' id='word_1_392' title='bbox 0 0 1524 5168; x_wconf 95' lang='lat' dir='ltr'><strong> </strong></span> 
     </span>
    </p>
   </div>
  </div>
 </body>
</html>
