2998 5166
1090 373 1151 441 lto

63 542 225 602 Postrema
249 541 328 600 verba
356 537 460 600 delendi
489 555 541 598 non
568 555 649 615 posse
674 557 691 596 a
715 539 846 619 plerisque
868 541 1030 606 conceditur.
1072 543 1146 605 Non·

63 627 146 686 nulla
177 633 254 684 certe
282 643 372 684 eorum
402 621 487 681 solrol.
516 626 619 691 meur,
651 640 793 682 cumane:
827 613 970 686 ἀνίατον
1017 618 1147 689 ἄκατον·

62 699 262 790 apotomes.
313 697 396 765 Ἀπὸ
428 699 539 766 sowoa'r
569 698 605 764 δὲ
636 697 678 768 τὸ
708 697 847 788 ὤφελον.
878 739 918 754 ·-
962 665 1148 792 ρεωρῆσατ,

63 785 160 852 ἰδεῖν
191 783 260 863 τήν
287 779 398 868 ἀκμήν
427 784 488 862 τῆς
512 781 649 866 μανίας.
696 789 789 850 Herm.
820 793 858 848 ibi
888 798 1041 867 praesertim
1069 802 1147 855 metri

61 879 162 952 gratia
198 862 447 952 καταδερχθεὶς
470 875 576 942 sentit,
595 891 655 948 *quo
681 874 752 930 sacto
779 893 845 932 sane
866 872 919 933 (luo
940 883 1050 947 system.
1069 897 1146 955 anap.

62 961 121 1016 sibi
145 958 344 1034 respondentia
363 953 503 1033 prodeunt,
524 955 572 1014 sed
592 955 763 1016 nihilomiuus
783 977 866 1032 neque
886 978 980 1016 versus
999 953 1147 1022 903-00

60 1040 184 1110 habent,
210 1043 306 1116 quibus
327 1038 509 1116 respondeant,
525 1057 614 1119 neque
634 1044 766 1099 sententia
786 1045 827 1098 sic
846 1044 1002 1110 restituitur,
1024 1051 1054 1100 ut
1069 1063 1146 1122 argu·

62 1129 175 1182 mentis
205 1131 336 1199 exparte
357 1123 450 1190 saltem
472 1121 575 1182 idoneis
596 1121 698 1180 Wund.
720 1124 919 1182 demonstrarit.
961 1124 1037 1183 Haeo
1057 1135 1145 1186 autem

60 1209 203 1266 facillime
226 1207 393 1288 emendatur,
421 1209 446 1264 si
466 1204 515 1282 pro
536 1192 609 1265 τόδ’
629 1209 768 1278 scribimus
790 1199 830 1266 τό
851 1197 893 1281 δ’,
914 1211 954 1264 ita
974 1216 1005 1264 ut
1024 1215 1146 1270 enuncie-

63 1298 124 1348 tum
147 1295 310 1367 pronomine
331 1287 408 1350 relat,
427 1292 577 1366 incipiatur,
600 1294 765 1348 continuetur
784 1309 848 1348 vero
867 1293 996 1366 particula
1016 1283 1071 1361 δέ,
1093 1313 1145 1369 quo

63 1373 264 1432 anacoluthiae
285 1393 381 1452 genere
401 1374 501 1432 nullum
523 1381 566 1430 est
586 1374 758 1447 frequentius.
799 1371 892 1446 ltaque
912 1393 1007 1449 ‚stiuam
1028 1380 1142 1452 ignomi-

62 1461 160 1526 niam,
191 1461 294 1533 inquit,
328 1475 458 1532 nunquam
479 1455 570 1513 ridere
591 1455 730 1524 debebam,
759 1462 787 1512 et
807 1473 936 1516 summum
956 1466 1034 1533 atque
1054 1463 1144 1518 imme·
1199 1495 1224 1506 ··

63 1540 219 1600 dicabilem
241 1543 355 1598 furorem
377 1537 556 1615 conspicere.“
585 1536 660 1602 Quae
681 1540 835 1615 epexegesis
855 1539 983 1614 quaedam
992 1550 1042 1611 est,
1063 1545 1144 1602 rerba

62 1623 266 1699 praecedentia
286 1625 381 1691 simili,
403 1621 452 1678 sed
472 1623 589 1697 pleniore
610 1623 743 1683 sententia
763 1621 1045 1697 acourntIusprodens.
1071 1623 1143 1684 Ana·

62 1715 233 1782 paestorum
253 1726 317 1764 vero
340 1708 488 1780 responsio,
511 1723 578 1779 quae
598 1707 689 1778 ntique
711 1705 785 1760 nulla
804 1708 832 1762 in
852 1707 973 1762 versibus
994 1699 1144 1770 983—87

61 1797 93 1846 et
115 1782 276 1848 093-06
297 1795 355 1854 est,
377 1805 410 1844 ne
430 1785 475 1842 hic
495 1785 600 1860 quidem
620 1786 768 1860 quaerenda
788 1793 841 1854 est,
862 1788 907 1842 ubi
928 1791 986 1843 siue
1005 1789 1142 1850 vehemen-

61 1875 194 1929 tissimis
225 1871 413 1927 mutationibus
440 1868 509 1924 eiiioi
537 1872 636 1942 nequit.
677 1867 754 1926 Haeo
779 1859 865 1925 aute'm
891 1871 952 1942 ipsa
978 1887 1144 1930 numerorum
1178 1917 1180 1923 ,

64 1957 143 2010 ratio
176 1971 233 2010 non
263 1953 353 2009 dubito
383 1954 445 2026 quin
466 1949 631 2010 Wunderum
652 1951 687 2008 ad
707 1969 835 2008 summam
857 1951 1062 2026 conjecturarum
1084 1973 1144 2012 sua·

4 2073 5 2116 3
63 2055 127 2094 rum
154 2025 298 2092 audaciam
320 2035 481 2111 compulerit,
503 2037 623 2110 quamvis
644 2037 730 2092 obiter
750 2041 850 2092 tantum
872 2037 899 2092 in
921 2038 1004 2092 totius
1025 2035 1143 2113 disputa·

65 2123 157 2184 tionis
181 2118 236 2176 fine
257 2114 299 2196 (in
320 2117 440 2175 emendi.
462 2115 575 2192 Trauli.)
598 2125 721 2176 annotet:
747 2114 844 2186 ,nouo
867 2115 996 2176 ieiunum
1017 2117 1053 2178 ad
1074 2139 1142 2178 com·

4 2203 6 2250 l
66 2196 254 2261 mandandam
279 2202 455 2277 conjecturam
480 2219 579 2270 meam,
611 2205 748 2277 aptissime
775 2219 845 2260 nuno
865 2199 967 2260 dnobus
988 2207 1144 2274 systematis

66 2303 197 2342 summae
219 2286 387 2359 aequalitatis
407 2281 478 2340 lruno
495 2284 582 2340 locum
604 2287 755 2343 constare.“
790 2284 897 2344 Scilicet
917 2286 996 2362 ejecit
1016 2275 1089 2347 τόδ’
1108 2280 1144 2346 α’.

66 2385 104 2444 μ.
135 2356 174 2425 ἄ.
206 2380 281 2428 κατ.
311 2373 339 2424 et
365 2369 395 2422 in
421 2385 448 2422 v.
477 2359 560 2425 1003
574 2359 674 2444 χωρὶς
696 2354 818 2440 Ζηνός,
848 2379 932 2442 neque
952 2377 1041 2426 menen
1061 2368 1141 2440 dixit,

67 2449 139 2526 quiri
164 2447 275 2532 tandem
302 2466 447 2543 quenquam
480 2465 584 2504 morere
603 2453 751 2522 potuisset,
782 2457 813 2505 ut
838 2469 871 2506 ea
898 2452 979 2507 verba
1006 2450 1141 2525 adjiceret.

4 2535 5 2564 ³
67 2529 143 2592 Tum
175 2534 258 2589 verba
278 2519 321 2603 ἢν
340 2522 464 2608 panno?
479 2569 546 2596 00..
567 2517 680 2599 ὄσσοις
700 2537 762 2606 post
782 2530 867 2588 subst.
887 2523 1010 2606 βωμῶν
1031 2533 1142 2590 colleoa-
1242 2576 1245 2587 ,

5 2671 6 2676 ,
66 2619 122 2685 vit,
154 2635 192 2674 ea
217 2620 307 2691 inepta
333 2617 391 2672 fore
416 2621 504 2681 ratres,
536 2615 561 2670 si
585 2631 662 2689 pron.
688 2614 764 2672 relat.
794 2613 828 2671 ad
855 2601 968 2689 λώβην
988 2617 1141 2690 pertineret·

5 2703 6 2720 ³
67 2695 178 2776 Nempe
211 2689 326 2776 λώβην
354 2697 503 2774 significare
528 2695 655 2754 Herculis
682 2698 815 2766 morbum,
848 2700 893 2773 qui
920 2715 998 2770 quom
1025 2695 1142 2756 nondum
1223 2694 1230 2704 '

69 2787 246 2852 evanuisset,
267 2781 410 2840 Herculem
431 2799 485 2839 non
504 2783 625 2858 potuisse
647 2799 748 2856 cupere,
770 2800 804 2838 ne
824 2783 912 2856 ipsum
924 2771 1051 2838 'mortum
1067 2781 1140 2859 vide·

69 2869 121 2934 rit,
144 2867 198 2925 seu
218 2871 322 2941 potius,
348 2865 505 2934 revideat,
528 2895 567 2907 —
589 2867 669 2922 immo
691 2884 726 2922 ne
744 2862 797 2922 hoc
817 2864 935 2940 quidem,
957 2864 1006 2922 set
1026 2883 1059 2923 ue
1072 2884 1141 2934 „sen-

70 2952 133 3009 tiat.
179 2949 263 3023 Atqui
290 2950 361 3007 falsa
381 2956 443 3007 sunt
463 2943 624 3024 praemissa:
653 2937 746 3024 λώβη
768 2952 837 3006 enim
858 2947 903 3006 hie
923 2967 976 3006 nou
996 2955 1050 3006 tam
1072 2967 1140 3006 mor·

70 3032 133 3088 bum
157 3032 302 3110 significat,
323 3051 399 3107 quam
421 3035 600 3108 ignominiam,
623 3031 834 3104 quodHercules
856 3029 966 3088 demens
985 3032 1073 3086 iactus
1094 3035 1141 3098 sit,
1158 3051 1160 3054 ·

69 3113 152 3190 idque
174 3135 224 3192 per
244 3117 389 3171 mulierem.
422 3115 491 3171 Sane
510 3117 594 3187 igitur
614 3114 726 3168 clamare
746 3118 866 3186 poterat:
887 3115 988 3165 utinam
1009 3127 1142 3186 nunquam

69 3194 147 3255 hune
174 3201 291 3254 furorem
318 3204 396 3268 atque
424 3197 596 3269 ignominiam
622 3191 766 3260 vidissem,
796 3191 845 3248 sed
866 3197 945 3248 antea
965 3210 1050 3248 essem
1072 3213 1141 3252 mor·

70 3280 153 3338 tuus!
198 3275 287 3335 Verba
302 3291 381 3356 χωρ.
404 3271 480 3348 Ζην.
499 3293 562 3331 vero
583 3293 666 3351 paene
687 3277 839 3332 necessaria
859 3281 937 3345 sunt,
959 3280 1053 3353 quippe
1074 3297 1142 3354 quae

73 3381 185 3420 causam
207 3360 330 3429 afferant,
354 3380 399 3418 eur
419 3353 539 3436 luppiter
558 3360 725 3434 potissimum
747 3362 784 3416 sit
803 3361 952 3417 invocatus.
990 3360 1033 3418 Ea
1052 3369 1141 3420 tamen
1206 3377 1208 3385 ⁴

72 3442 118 3504 hic
139 3445 255 3504 (licenda
274 3443 479 3504 turnewane
501 3450 594 3520 negm,
619 3445 681 3517 quia
702 3441 737 3500 ael
756 3446 843 3519 ipsmu
863 3443 957 3502 lovem
977 3451 1035 3503 tota
1055 3451 1141 3505 oratio

74 3532 112 3584 sit
134 3549 276 3589 conversa.
320 3527 410 3594 nmio
451 3527 539 3584 Etiam
562 3532 696 3602 postrema
715 3529 812 3584 rerbal
856 3523 924 3589 (luis
944 3527 998 3586 hoe
1016 3528 1141 3608 pateieeit
1242 3549 1245 3561 ⁴

74 3615 131 3670 viro
153 3615 330 3698 electissimol

136 3730 181 3788 De
202 3718 415 3803 rerbcrfto'tow
436 3731 512 3804 inp.
533 3725 568 3822 ll.
591 3747 648 3804 cap.
672 3722 701 3788 l.
723 3731 835 3806 egimus.

139 3839 233 3907 1011.
588 3833 700 3904 πόθεν
722 3835 805 3921 ἔστ’,
826 3825 855 3898 ol
1089 3891 1095 3896 .

251 3923 389 3988 πάντων
408 3917 605 3988 Ἑλλάνων
626 3916 836 3986 ἀδικώτατοι
856 3916 991 4006 ἀνέρες,
1019 3914 1074 3996 olle
1096 3919 1138 4000 δὴ

249 4005 365 4072 πολλοὶ
391 4007 452 4089 μὲν
478 4002 515 4071 ἐν
534 4001 767 4172 ndv'qssogizssss
781 4025 818 4068 τε
841 4000 923 4090 δρία
944 3999 1060 4124 πάντᾳ
1081 4027 1140 4070 κατ

248 4167 462 4258 ὥλεκόμννὸ
484 4165 604 4245 τάλας.

894 4269 935 4337 10
