3032 5168
1195 437 1238 512 77

142 617 270 688 audiat,
300 637 354 678 uon
384 619 472 673 statim
502 615 539 672 it'a
561 617 707 692 intelligat:
736 615 814 672 lnros
832 617 931 673 -ille‘nt
952 616 1016 676 dous
1039 621 1237 694 appropinquat,

144 703 251 760 adest.
268 705 397 769 omuibus,
421 705 439 760 i.
463 719 487 758 e.
508 697 658 756 horninibus
681 699 773 756 adesit
817 697 896 762 aaut
922 704 1007 776 ipsum
1028 701 1071 759 hic
1094 710 1136 759 est
1157 707 1236 778 aptis·

141 789 272 846 sirrrurn.
315 785 420 850 Quodsi
444 782 528 844 schol.
550 785 630 861 legit:

309 882 364 960 ’ἵν’
385 890 404 959 ὁ
421 891 617 980 χάλκασπις
639 889 724 979 ἀνὴρ
748 891 833 968 θεὸς
853 891 987 962 πλάθει
1003 901 1123 984 Iudaea,
1218 898 1221 905 '

59 1038 62 1042 ·
143 1019 210 1077 hoc
237 1018 276 1076 ad
297 1017 402 1075 heroem
424 1019 564 1074 Herculem
586 1020 706 1092 pertinet,
727 1019 772 1090 qui
794 1034 855 1071 aras
877 1034 941 1072 suas
963 1014 997 1072 ad
1011 1015 1103 1073 Οοῐαιιι
1119 1016 1238 1088 habebat,

146 1109 180 1162 et
205 1106 268 1172 ibi,
300 1111 329 1160 ut
351 1101 394 1181 dii,
411 1105 516 1158 omniuo
537 1106 566 1157 in
587 1104 645 1164 suis
667 1100 786 1174 templis,
815 1102 874 1155 siue
896 1099 974 1156 dubio
996 1103 1101 1176 etipse
1122 1099 1238 1161 babitare

145 1190 240 1261 alque
266 1189 367 1242 versari
388 1188 535 1262 putabatur,
558 1187 595 1240 ita
616 1191 651 1239 ut·
668 1183 829 1258 supplicibus
850 1181 966 1244 adesset.
993 1181 1064 1255 Anas
1081 1194 1167 1242 autern
1180 1189 1237 1246 siae

139 1271 270 1330 'sacroru
292 1269 401 1326 Herculi
429 1273 457 1325 iu
480 1269 547 1326 Oeta
568 1257 652 1324 luisse
674 1285 709 1322 ex·
728 1265 800 1325 Phil.
826 1259 917 1325 1431.
940 1275 1062 1341 apparet,
1092 1271 1138 1326 ubi
1159 1268 1238 1328 beros

142 1351 340 1412 Philoctetam
363 1340 624 1409 alhonans'sitnil
647 1343 677 1412 δ’
694 1339 737 1406 ἂν
750 1339 854 1429 λάβῃς
866 1341 907 1407 σύ
920 1344 1112 1421 σκῦλα....,
1135 1342 1240 1423 τόξων
1351 1365 1359 1376 ·

130 1431 261 1520 Ιἐμῶν
277 1433 426 1514 μνημεῖα
455 1429 538 1514 πρός
565 1427 676 1511 πυράν
703 1427 787 1510 ἐμήν
809 1425 934 1508 κόμιζε.
979 1433 1192 1493 bruniae-sacra
1214 1441 1239 1494 ei
1341 1433 1344 1438 '

58 1517 61 1526 '
148 1531 216 1580 erat
252 1521 335 1588 Oeta,
366 1520 513 1596 Oetaeique.
530 1538 589 1576 euru
609 1519 809 1595 temerabantur.
853 1515 896 1578 cf.
917 1516 1114 1576 Wachsmuthii
1135 1524 1237 1595 antiqq.

130 1608 262 1664 Graec.
285 1605 320 1666 lt.
342 1601 372 1662 2.
394 1625 420 1679 p.
445 1598 515 1663 156.
544 1602 613 1658 Tum
633 1600 870 1675 Thermopylarum
892 1621 975 1676 aquas
997 1601 1238 1678 tepideseisamas

149 1692 250 1746 luisse
274 1689 361 1748 Strab.
383 1688 432 1744 lX.
455 1680 566 1761 pibo
587 1689 719 1760 testatur,¹
739 1692 766 1739 et
785 1683 887 1740 Herod.
910 1679 938 1746 7.
962 1679 1032 1752 176,
1055 1686 1087 1744 dc
1107 1685 1237 1753 Thermo·

148 1775 229 1849 pytte
255 1771 374 1828 linense¹
388 1760 460 1828 ’ἐστι
481 1764 517 1826 δὲ
538 1763 574 1826 ἕν
595 1765 634 1851 τῇ
654 1758 757 1849 ε’·ςόδῳ
779 1758 895 1848 ταύτῃ·
908 1762 1026 1846 θερμοὶ
1048 1762 1238 1847 dourad...

153 1849 224 1912 καὶ
247 1847 363 1930 βωμὸς
382 1841 517 1929 ἵδρυται
535 1845 734 1930 Ἡρακλέους
754 1839 803 1920 ἐπ’
824 1844 966 1908 αὐτοῖσι.
998 1850 1177 1918 Quindecies
1197 1855 1239 1910 illi

155 1937 407 2012 Thermopylarum
429 1935 553 1992 Herculis
576 1953 656 1991 causa
677 1937 806 2010 procreati
819 1943 879 1990 esse
891 1936 1066 1991 narrabantur
1077 1930 1238 2012 (cf.Wund.

142 2024 184 2078 ’in
209 2020 257 2078 ed.
281 2018 379 2076 Tracb.
401 2039 429 2094 p.
450 2012 509 2089 59)
531 2037 672 2093 eorumque
695 2016 774 2074 heros
796 2019 917 2074 tutelaris
940 2021 1089 2075 norniuatur
1107 2022 1140 2076 ab
1152 2019 1238 2077 (leuo-
1307 2031 1312 2042 “

153 2125 220 2162 uano
246 2107 275 2160 in
298 2103 396 2180 Euseb.
410 2121 536 2178 praepar.
560 2121 654 2178 evang.
676 2101 709 2159 V.
731 2097 784 2159 22.ι
826 2099 921 2176 Neque
943 2102 1159 2171 obliviscendum,
1182 2123 1236 2160 oru-

153 2209 208 2246 ues
242 2189 350 2255 omuino
379 2187 467 2242 fontes
496 2184 600 2261 tepidos
629 2177 807 2263 αὐτοφυῶς
835 2193 987 2242 emanantes
1015 2185 1125 2244 Herculi
1153 2189 1238 2244 fuisso

151 2291 266 2331 sacros
315 2270 366 2327 llla
402 2269 490 2326 divine
523 2277 608 2325 atatem
637 2269 775 2325 Herculis·
794 2273 942 2344 praesentia
973 2287 1004 2326 eo
1033 2275 1119 2346 aptius
1149 2291 1240 2328 coram

150 2355 371 2414 Atheniensibus
394 2355 656 2420 commemorabatur,
686 2351 755 2426 quod
778 2351 805 2408 bi
826 2357 925 2426 primus
947 2371 977 2410 se
1000 2352 1106 2411 Herculi
1131 2354 1237 2411 divinos

151 2439 284 2496 honores
306 2437 458 2512 praebuisse
477 2436 620 2510 jactabant,
641 2433 737 2504 (Diod.
758 2426 789 2491 4.
811 2429 877 2508 ³9.)
900 2443 926 2491 et
949 2435 1018 2510 quod
1041 2445 1163 2513 perpetuo
1180 2457 1236 2494 ma·

153 2526 231 2580 xime
261 2540 319 2576 eum
341 2519 542 2574 venerabantur.
586 2516 642 2573 (Cf.
665 2515 787 2572 llluelleri
809 2517 876 2572 Dor.
897 2517 932 2574 ll.
955 2537 981 2592 p.
1002 2511 1091 2589 438.)
1210 2545 1212 2550 ·

212 2619 214 2623 ·
254 2603 369 2662 Divinus
392 2605 473 2678 igitur
493 2602 539 2658 ille
561 2604 644 2678 ignis,
671 2619 723 2674 quo
745 2599 866 2676 splendet
887 2599 1030 2666 Hercules,
1056 2603 1108 2678 jorn
1130 2621 1187 2659 uon·
1205 2602 1239 2659 nd

151 2707 273 2767 romain,
304 2687 353 2744 sed
375 2685 410 2742 ad
431 2684 595 2762 splendorem
619 2686 676 2760 ejus
698 2685 839 2740 coelestem
861 2687 988 2759 pertinet,
1011 2683 1039 2741 id
1061 2684 1132 2759 quod
1153 2690 1239 2744 sensit

147 2777 207 2851 jam
239 2771 396 2830 scholiasta.
420 2801 459 2812 --
483 2768 536 2826 Ser
557 2771 608 2826 erit
630 2769 760 2836 fortasse,
784 2772 827 2842 qui
850 2767 955 2843 fulgura
976 2769 1119 2845 significari
1139 2769 1238 2840 credat,

153 2861 262 2934 quibus
289 2855 418 2912 Hercules
446 2857 594 2911 incesserit.
644 2851 714 2909 Nam
740 2856 777 2920 is,
811 2856 856 2926 qui
881 2871 939 2909 euru
969 2853 1063 2910 l'ortem
1091 2857 1239 2912 meminerit

153 2942 199 3000 dei
229 2943 357 2996 tonantis
384 2939 593 3014 fulgurantisque
621 2955 682 2993 esse
703 2937 802 3004 iulium,
833 2945 860 2992 et
881 2935 992 2994 tiaruuris
1014 2945 1143 2996 mortuum
1166 2957 1237 3006 esre,

154 3033 183 3083 et
205 3043 261 3100 per
281 3030 463 3098 tempestatem
485 3041 517 3078 ac
537 3022 649 3077 lulrniua
670 3019 704 3075 ad
726 3021 825 3076 coelum
848 3037 910 3075 esse
932 3023 1078 3088 invectum,
1100 3021 1239 3078 etOetaea

154 3110 332 3186 potissimum
355 3105 465 3160 fulmina
485 3105 697 3169 commemorari,
717 3103 792 3156 velut
812 3100 910 3155 Traclr.
932 3095 1005 3182 437.

299 3197 365 3278 ’μή
387 3193 470 3281 πρός
492 3215 529 3258 σε
551 3195 610 3258 τοῦ
633 3188 710 3256 κατ’
730 3189 857 3276 ἄντρον
882 3186 1018 3258 Οἰνάων
1038 3191 1146 3270 νάπος

320 3276 396 3352 Διὸς
418 3273 754 3362 καταστράπτοντος,
777 3313 816 3324 -

157 3393 184 3448 is
206 3389 295 3466 igitur
316 3385 432 3444 fortasse
454 3387 509 3442 veri
529 3381 600 3445 lraud
621 3383 767 3442 absimilem
789 3389 894 3440 censeat
909 3385 1072 3462 opinionem,
1094 3383 1236 3446 Herculem

158 3482 191 3550 ut
213 3473 382 3546 tempestatis
403 3472 509 3546 genium
530 3471 558 3525 in
582 3467 648 3524 Oeta
670 3468 767 3524 cultum
789 3487 865 3537 esse,
892 3476 918 3526 et
939 3469 973 3526 ad
994 3469 1099 3528 ber-cern
1122 3473 1235 3530 sudmini-

160 3561 212 3615 bus
237 3561 415 3614 coruscantem
439 3561 530 3609 nostro
544 3549 682 3628 Sophoclis
704 3571 782 3608 versu
805 3551 897 3608 alludi.
930 3551 1003 3616 Quae
1027 3557 1050 3611 si
1074 3555 1235 3628 quorumdam

163 3640 379 3716 mythologorum
402 3635 537 3694 audaciam
560 3655 652 3711 sapere
673 3635 810 3704 uidentur,
833 3628 874 3692 οὐ
895 3627 989 3711 λέγω.
1137 3709 1139 3718 Ι

177 3731 195 3754 “
250 3723 303 3782 Sed
321 3724 377 3799 jam
400 3719 464 3778 nihil
486 3727 583 3788 restat,
606 3739 681 3796 quarn
703 3728 733 3777 ut
754 3729 878 3790 numeros
901 3716 1062 3774 describam:

248 3833 323 3900 715·
353 3831 425 3899 726·
468 3815 1002 3947 Epium-Lutudarum.

533 3918 588 3972 υι

182 4075 186 4080 ¹
248 4105 357 4164 Medius
377 4123 471 4164 uersus
494 4103 622 4178 duplicem
646 4105 722 4158 basin
744 4117 801 4155 cum
824 4117 912 4155 enacr.
934 4097 1025 4171 habet,
1048 4121 1105 4160 cum
1128 4105 1234 4165 basibm

164 4191 243 4246 etiarn
271 4200 365 4245 versus
393 4183 463 4251 719,
489 4181 562 4246 720,
585 4180 657 4246 721,
680 4182 813 4239 incedunt.
855 4181 979 4242 Videmus
1002 4193 1087 4243 autem
1108 4187 1235 4246 Bruackii

164 4269 371 4334 emendationem
399 4275 428 4326 iu
451 4289 479 4327 v.
501 4261 581 4330 716.
611 4261 647 4326 εἴ
669 4273 733 4325 που
754 4284 801 4341 pro
823 4253 908 4328 dmm
929 4271 1082 4340 scribentis,
1112 4275 1232 4346 quamvis
1312 4357 1315 4364 Ι
