3016 5162
319 399 380 466 tle
443 425 449 436 ·

256 633 264 640 ,
319 573 379 632 Hoe
399 571 498 626 nostris
520 569 546 622 tr
569 561 646 622 nott.
668 570 723 632 est,
749 561 797 622 set
818 561 916 622 schot:
948 553 999 622 Ἔν
1020 557 1090 631 τοῖς
1109 554 1399 646 ἀναγκαιοτέρας

320 651 382 714 τῶν
408 639 627 728 ἀντιγράφων
654 663 705 726 γρ.
734 636 866 718 εὐνοίας
887 637 1001 726 χάριν,
1033 633 1053 705 ii
1083 641 1141 706 καὶ
1170 645 1202 706 ot
1237 643 1398 724 ὑπομνη-

316 723 540 818 ματισάμενον
558 721 713 802 ἀξιοῦσιν.
742 721 889 790 Είίσοιαν
902 724 938 790 δέ
950 745 1038 812 φασι
1050 719 1340 804 τήνενίθὲνεναν..

318 821 383 880 inde
409 817 483 876 Suid.
512 825 539 874 et
560 817 695 886 Zonaras,
724 819 920 874 annotationem
950 816 1022 870 iilam
1048 835 1081 871 ex
1102 824 1176 889 parte
1197 815 1399 885 describentes,

319 893 452 972 εὐνοίας
473 901 594 978 afferunt,
616 897 781 972 indidemque
803 902 862 956 sine
884 897 962 956 dubio
984 901 1011 956 ir
1026 897 1086 958 Par.
1100 907 1120 955 t.
1141 903 1268 974 pervenit.
1289 899 1400 958 Utrum

319 993 356 1048 sit
385 996 483 1046 rectum
512 985 624 1042 dubitari
651 985 755 1058 nequit,
787 979 835 1037 sert
861 971 992 1048 εὐνοίας
1013 983 1069 1060 jam
1091 984 1116 1040 is
1137 985 1266 1060 interpres
1287 983 1402 1050 habuit,

320 1077 363 1151 qui
386 1074 528 1130 enarravit:
543 1058 614 1124 Ἵνα
637 1058 751 1146 εὐνοῇς
772 1051 863 1142 ἡμῖν.

402 1165 477 1234 423.
501 1156 794 1242 νάπαναίρονται
816 1151 907 1242 δόρυ.

319 1274 425 1332 Herm:
448 1268 549 1358 „Libui
570 1255 873 1342 κᾶνοαναιροῦνταν,
896 1263 966 1340 quod
986 1266 1034 1322 rix
1054 1272 1153 1342 aptum.
1197 1265 1289 1342 itaque
1312 1286 1399 1343 repo·

317 1361 360 1418 sui
382 1345 670 1427 κιίπαναιρονταο,
692 1346 762 1422 quod
784 1347 942 1409 scholiastes
963 1350 1040 1426 tegit,
1061 1353 1107 1426 qui
1128 1353 1168 1411 sie
1189 1351 1399 1426 interpretatur,

320 1428 397 1498 κατ’
418 1423 578 1504 ἀλλήλων
599 1421 823 1512 ἐπαίρουσιν.“
873 1430 936 1503 „At
965 1433 1060 1492 dicitur
1080 1442 1167 1492 tamen
1194 1427 1402 1514 ἐπαναιρεῖ-

320 1515 408 1582 σθαι
441 1509 631 1595 πόλεμον,“
666 1517 756 1594 objicit
787 1515 907 1578 Wilkius
944 1520 972 1576 in
1005 1519 1127 1596 conjectt.
1159 1517 1194 1576 ad
1225 1516 1292 1577 Oed.
1331 1517 1401 1574 Cot.

319 1605 423 1680 Optime
443 1600 548 1680 quidem
570 1597 621 1657 hoo
642 1597 750 1670 dieitur,
771 1599 820 1658 sed
841 1601 873 1657 ab
898 1600 947 1657 iila
968 1602 1099 1660 locutione
1120 1601 1148 1658 id
1170 1607 1227 1659 toto
1249 1603 1326 1661 coeio
1356 1601 1401 1658 di·

319 1699 391 1747 stare
415 1691 473 1764 quis
496 1703 549 1744 non
570 1683 675 1742 rideati

402 1783 475 1851 515.
496 1787 542 1846 Ex
561 1789 662 1861 antiqui
684 1792 895 1845 commentatoris
917 1787 1029 1844 lectione

523 1865 570 1948 μή
594 1863 676 1948 πρὸς
696 1859 802 1938 ξενίας
822 1859 954 1953 οίνοίξῃς

523 1951 583 2020 τᾶς
604 1949 683 2027 σᾶς,
705 1943 730 2006 ίί
751 1947 911 2018 πέπονθ’,
934 1943 1007 2027 ἕρμ’
1027 1944 1172 2020 οίναιδῆ,

318 2079 382 2119 vera
402 2057 498 2120 lectio,
520 2049 720 2117 unovooahuio
740 2039 824 2124 ’ἔργα
846 2051 959 2112 omisso,
982 2050 1104 2102 restituta
1118 2053 1169 2102 est.
1191 2044 1266 2102 cel.
1286 2063 1346 2120 eap.
1363 2043 1400 2105 l.

246 2193 257 2208 ,
318 2139 346 2219 §.
367 2135 397 2198 4.
441 2135 562 2192 insuavis
590 2133 657 2186 enirn
687 2135 714 2183 et
739 2129 822 2182 fracta
843 2136 890 2182 ert.
906 2130 1007 2195 oratio,
1038 2129 1062 2184 si
1084 2131 1402 2202 lnterpunetio„quoque

317 2228 424 2281 auctore
446 2215 612 2277 Hermanno,
634 2215 678 2284 qui
699 2217 761 2285 post
781 2201 926 2268 πέπονθ’
946 2217 1070 2285 punctum
1091 2215 1195 2288 posuit,
1217 2219 1344 2270 mutatur.

403 2307 475 2377 524.
498 2305 604 2390 Kareoi
623 2307 691 2388 μὲν
712 2298 795 2386 εὐνᾷ

404 2403 407 2408 ’
499 2387 598 2464 πόλις
620 2384 717 2454 οὐδὲν
739 2385 832 2473 ἴδριν

498 2468 616 2561 pepon
637 2470 793 2549 ἐνέδησεν
814 2465 892 2554 ίίτιμ,

319 2593 390 2660 (iuis
409 2579 472 2667 μὲν
493 2581 521 2640 h.
541 2581 561 2637 i.
583 2583 698 2655 ineptum
722 2585 776 2644 est,
803 2575 930 2634 Reiskius
958 2577 1082 2654 probatus
1104 2597 1121 2634 a
1141 2578 1274 2654 plerisque
1294 2569 1332 2656 μ’
1353 2569 1395 2636 ἐν

319 2677 435 2752 scripsit.
467 2669 502 2726 Et
520 2655 555 2742 μ’
566 2671 645 2730 certe,
664 2663 714 2718 etsi
732 2664 832 2718 omissa
848 2663 1051 2736 praepositione,
1066 2659 1119 2718 Lb.
1135 2660 1223 2730 habet,
1237 2680 1396 2738 pronomen,

320 2757 470 2821 utvitletur,
484 2748 569 2808 schol.
581 2763 683 2822 quoque
694 2763 834 2800 enarrans:
853 2736 985 2813 ἒνὲὃησέ
997 2759 1042 2822 με
1056 2737 1095 2834 τῇ
1113 2739 1170 2803 τοῦ
1182 2737 1294 2824 γοίμον
1309 2735 1392 2829 ἄτῃ.

407 2847 479 2915 583.
504 2837 548 2906 τοί
569 2833 730 2904 λοίσθί
750 2829 830 2927 αἰτῇ
851 2835 911 2902 τοῦ
929 2831 1013 2924 βίον.
1176 2847 1178 2854 ’
1483 2897 1484 2918 ,

319 2967 349 3020 in
370 2955 448 3016 coiri.
471 2957 525 3018 est,
555 2949 608 3006 nisi
636 2942 707 3039 puod
735 2947 763 3002 in
793 2943 855 3000 Par.
877 2962 902 3002 a.
929 2936 1050 3001 λοίσθ’
1071 2946 1178 3022 legitur.
1222 2943 1311 3002 Seirol.
1336 2947 1392 3026 γρ.

325 3037 379 3104 Τοί
400 3025 516 3099 λοῖσθ
537 3021 589 3112 ἄρ’
609 3023 687 3112 σιτῇ
706 3020 801 3103 ποῦ’)
822 3017 906 3103 βίον.
948 3025 1027 3089 Quod
1046 3030 1165 3105 plerique
1184 3037 1350 3106 receperunt.

405 3133 478 3200 768.
501 3122 579 3193 ἀλλ’
601 3119 772 3202 ἡνίκ’[ἤδη
794 3109 979 3206 μεστὸς-ἦν
995 3119 1229 3206 θυμούμενος,

505 3211 580 3274 καὶ
607 3206 834 3290 μάνθανον
856 3232 879 3268 s.
904 3199 1188 3287 septennario
1216 3206 1288 3273 sorr
1315 3206 1392 3272 θυ·

779 3289 857 3370 μὸν
883 3287 1264 3374 ἐκδράμονταμοι,

501 3373 563 3442 καὶ
583 3369 663 3437 τούν
683 3367 838 3454 δόμοισιν
858 3361 901 3449 ἦν
922 3371 1125 3436 διαιτᾶσθαι
1145 3371 1340 3457 γλυνίμ...

322 3487 429 3555 Medius
455 3501 548 3543 versus
576 3481 637 3556 quia
666 3479 722 3555 jam
751 3484 810 3534 ante
840 3475 881 3547 (v.
903 3469 992 3552 438.)
1022 3477 1119 3555 legitur
1144 3499 1228 3555 neque
1256 3479 1284 3537 h.
1306 3480 1326 3535 l.
1350 3487 1393 3537 est

322 3587 412 3658 aptus,
439 3574 580 3650 praeeunte
610 3562 704 3622 Valok.
733 3563 765 3618 ab
795 3563 916 3620 omnibus
935 3553 1058 3637 ejicitur,
1084 3569 1128 3632 et,
1151 3571 1181 3622 ut
1202 3569 1272 3622 reete
1294 3562 1389 3620 Herm.

221 3651 226 3662 ¹
300 3667 445 3726 nnnotat,
467 3660 575 3733 ignotus
599 3656 655 3706 erat
676 3649 830 3722 interpreti,
853 3649 1002 3717 enarranti:
1031 3631 1088 3706 ὅτε
1120 3641 1304 3726 κορεσθείς
1329 3641 1392 3706 τοῦ

321 3739 454 3822 θυμοῦ,
485 3726 603 3796 λοιπόν
636 3723 680 3788 τοί
716 3723 928 3813 συμφέροντα
957 3721 1205 3808 ἐβουλευόμην,
1239 3725 1298 3789 καὶ
1325 3721 1389 3791 οὐν

328 3821 378 3888 ἔτι
398 3817 532 3894 ἤθελον
552 3807 700 3901 φεύγειν.

409 3917 482 3984 785.
503 3911 546 3989 ὠς
559 3957 635 3976 .....
654 3901 803 3996 οἰκίοῃς·
826 3902 923 3981 πόλις
945 3903 983 3971 δέ
1004 3923 1058 3970 σον

505 3997 614 4062 κακῶν
636 3991 758 4066 ἄνατος
775 3987 894 4058 ,τῶνδ’
915 3983 1124 4080 οἷσαλλαχθῇ
1139 3989 1275 4074 χθονός.

392 4172 414 4225 *)
431 4162 492 4281 pori,
515 4165 619 4208 omissum
642 4178 653 4208 a
677 4163 769 4208 librario
793 4159 879 4206 oodieis
898 4161 921 4205 in
942 4158 1035 4205 scholiis
1059 4167 1083 4207 ut
1101 4163 1123 4207 in
1141 4170 1218 4220 textu,
1240 4162 1337 4210 additum
1357 4169 1391 4208 est

325 4242 352 4288 sit
370 4239 431 4284 ulna
442 4237 488 4292 eje.
