3024 5188
727 1718 931 1794 ouruu
966 1687 1028 1790 u.

479 1958 537 2026 DE
567 1955 942 2028 SCHDLIASTARUM
970 1951 1278 2024 correcturus.

411 2447 455 2508 Ne
476 2469 494 2507 a
514 2449 674 2527 eoujeoturis
703 2446 807 2523 quidem
838 2454 902 2505 vett
923 2452 1079 2522 interpretes
1100 2448 1261 2504 abstinuisse
1281 2451 1311 2504 iu
1330 2451 1413 2522 partis

349 2538 446 2614 prioris
476 2555 532 2614 cap.
568 2529 582 2592 Ι
611 2539 638 2590 et
658 2528 681 2591 2
701 2532 824 2592 vidimus.
865 2530 962 2590 Variae
984 2535 1054 2588 euim
1075 2549 1165 2588 eoruru
1186 2532 1314 2588 lectiores
1335 2550 1413 2607 saepe

349 2625 402 2689 „iis
429 2627 493 2677 sunt
514 2617 650 2687 similes‚“
677 2623 708 2674 ut
729 2619 767 2673 ait
787 2613 857 2672 Lob.
879 2615 913 2672 ad
934 2614 982 2692 Aj.
1002 2634 1029 2672 v.
1051 2607 1104 2684 57,
1132 2633 1218 2690 „quas
1240 2615 1324 2673 eritioi
1345 2617 1413 2672 male

349 2702 436 2760 seduli
464 2704 588 2761 fabricari
614 2701 702 2756 solent
722 2699 795 2756 uullo
817 2708 954 2776 corruptae
975 2703 1121 2776 scripturae
1140 2699 1256 2768 iudicio,
1282 2699 1333 2756 sed
1353 2700 1413 2756 sola

349 2788 503 2843 mutationis
524 2784 653 2841 facilitate
674 2783 792 2842 allecti.“

412 2915 578 2992 Coujeoturis
605 2917 687 2991 igitur
715 2918 828 2991 primurn
857 2933 999 2974 annumero
1021 2915 1092 2992 quod
1113 2915 1148 2975 ati
1168 2908 1277 2976 πότνι’
1297 2905 1363 2998 α’ρύ
1384 2923 1412 2974 iu

347 2999 392 3058 El.
416 2995 478 3060 112
498 3005 653 3058 annotatum
674 3006 717 3056 est
737 3014 789 3077 γρ.
809 2989 923 3057 amoto
944 2989 1026 3080 α’ρᾰ,
1045 3002 1126 3076 idque
1147 3019 1247 3059 meeum
1256 3001 1356 3062 Wuud.
1379 2999 1411 3058 de

350 3083 434 3143 suhol.
464 3104 490 3161 p.
519 3077 562 3145 37
589 3083 675 3141 faeere
696 3083 808 3141 ridetur.
850 3083 1021 3142 Desideravit
1042 3094 1128 3142 autem
1149 3086 1264 3143 fortasse
1285 3090 1410 3160 interpres

348 3169 542 3244 significantius
564 3178 590 3226 et
611 3172 737 3226 usitatius
758 3165 909 3244 epitheton,
929 3187 1022 3244 parum
1043 3189 1107 3227 vero
1129 3170 1224 3246 longae
1245 3171 1344 3227 vocalis
1365 3171 1409 3226 eii·

347 3254 448 3308 sionem
478 3255 589 3312 curarit.
640 3251 769 3310 Fortasse
798 3253 948 3328 conjectura
975 3254 1027 3311 fuit
1052 3243 1238 3326 πολύπους,
1271 3251 1339 3332 quoti
1363 3272 1408 3328 pro

347 3326 516 3402 πολύπους
541 3339 570 3391 iu
598 3333 643 3390 El.
671 3328 737 3395 488
757 3339 785 3394 iu
807 3335 945 3413 (Didymi)
965 3334 1165 3416 hypomnemate
1186 3339 1240 3416 legi
1260 3336 1342 3396 schol.
1362 3337 1406 3395 illo

347 3414 406 3472 loeo
428 3414 506 3475 dicit:
528 3419 573 3474 ubi
595 3435 673 3492 quum
694 3420 852 3478 scriberetur

498 3535 653 3624 &isonat
673 3544 843 3622 πολύπους
865 3546 926 3612 καὶ
946 3544 1099 3635 πολύχειρ
1121 3597 1128 3613 .
1151 3594 1160 3614 .
1183 3536 1191 3612 ζ
1213 3597 1221 3612 .
1345 3613 1350 3620 ‚

493 3623 687 3714 χαλκόπους
705 3625 841 3716 Ἐρινύς,

346 3773 544 3842 grammaticum
567 3769 684 3826 tortasse
706 3767 758 3824 (tuo
780 3767 897 3843 epitheta
918 3771 952 3828 ad
973 3771 1055 3847 peties
1072 3723 1406 3851 pertiueutiaoiienderuut.

347 3849 432 3909 Simul
454 3861 544 3910 taurea
566 3853 643 3908 etiam
666 3836 840 3921 πολύπους
860 3852 973 3913 scholiis
994 3857 1168 3915 confirmatur.
1255 3865 1258 3868 '

409 3983 453 4039 De
473 3983 519 4060 Aj.
542 4004 569 4044 v.
592 3977 654 4046 190
674 4005 700 4044 v.
722 3984 757 4044 Π,
780 4004 837 4063 oap-
859 3979 890 4050 4.
912 3982 945 4068 §
963 3983 992 4050 l.

409 4111 480 4170 Tum
501 4114 536 4170 ad
557 4108 698 4195 στέρξας
720 4109 828 4198 αὐέχει
847 4125 875 4180 iu
889 4122 936 4199 Aj.
957 4117 1022 4182 212
1042 4121 1128 4180 adseri
1148 4127 1203 4180 tuui
1225 4130 1279 4182 est:
1297 4112 1363 4181 Ἅυέ
1381 4139 1408 4180 ει

343 4184 380 4250 δὲ
407 4184 498 4288 orfime.
524 4185 606 4273 ἔχει·
629 4195 834 4280 παρέλκεται
856 4197 926 4285 yoe'p
946 4195 970 4280 ἡ
990 4197 1069 4266 duct.
1105 4197 1122 4220 ν
1196 4221 1255 4269 νου
1276 4140 1431 4288 στέρξω.

343 4272 529 4385 σου-(εχει)
550 4295 615 4358 yp,
636 4285 695 4342 soit.
717 4303 750 4342 ue
769 4291 931 4365 praepositio
952 4289 1001 4349 ilia
1022 4289 1180 4350 redundet..
