3016 5162
145 581 236 650 11113.
280 585 386 646 Chorus
407 583 583 646 Philoctetam
605 588 645 642 ita
666 583 835 644 adhortatur.

234 697 319 806 πρὸς
340 693 500 776 θιῶι,’
474 695 510 759 εί
525 716 559 759 τι
580 693 671 778 σέβει
693 691 788 775 ξέιοι
809 695 1020 766 πέλασσοι

235 783 349 864 εὐνοία
325 777 531 882 paulopost
534 778 651 844 λάιαι.
923 811 925 816 ’
1050 815 1051 818 ¹

234 865 330 932 άλλά
351 864 468 965 γιῶθ,
491 851 527 926 ed
550 857 698 943 γνῶθ’“
677 885 730 928 οτι
751 884 810 930 σοι

235 951 324 1035 κῆρα
345 944 442 1013 eoi-'vd
463 943 683 1033 ἀποφεύγειν.

115 1061 322 1140 ..Ἐαιιτὸι
353 1064 390 1128 δέ
419 1085 456 1153 φ
486 1061 512 1127 ὁ
538 1063 595 1128 Χο
617 1057 721 1164 ὀς,’
702 1085 772 1145 οτι,
799 1061 873 1146 [prol
894 1058 992 1225 τῷξ
974 1061 1054 1155 ξένῳ
1080 1089 1141 1146 μετ

83 1114 214 1224 eductae
238 1146 470 1255 npdcslds.
614 1137 699 1221 ὕτιος
731 1150 818 1222 τιιις
846 1144 900 1212 στί-
903 1128 1033 1225 ζῖιιισιι·
1035 1131 1152 1255 άλλά

83 1231 203 1333 yvoid',
232 1256 269 1297 ιιι
298 1230 426 1334 γνῶθι·
456 1195 546 1308 odon,
582 1227 626 1290 τά
655 1225 738 1294 ὄντα
767 1251 822 1296 σοι
852 1229 1085 1312 μ’άιθαιε..

56 1315 176 1418 ’πρὸς
193 1315 300 1389 θεῶν,
328 1313 363 1378 εἴ
385 1333 421 1378 τι
446 1312 532 1408 οὲβῃ
559 1309 654 1389 ξέιοι
680 1313 849 1389 πελάται,
852 1255 1031 1382 μπέλασσι
1056 1315 1154 1408 πάση
1205 1365 1209 1374 .

86 1395 216 1482 εὐνοία·
245 1391 401 1500 ronow
381 1418 435 1462 οτι
460 1419 550 1482 κτρα
572 1391 665 1475 τήνδ’
693 1396 882 1482 ἀποφυγεῖν
903 1419 957 1464 σοι
976 1397 1153 1506 πάριστιι,

87 1475 118 1546 εἰ
143 1459 325 1560 welanheim
352 1479 498 1581 ἡμῖν.
552 1487 647 1544 .Ειι
672 1486 716 1543 his
747 1487 887 1545 scholiis
878 1509 916 1558 is,
944 1494 988 1565 qui
1010 1496 1151 1567 excerpsit,

87 1575 204 1629 enotavit
235 1563 353 1630 Λείπει
380 1558 552 1652 πάρεστιν
604 1569 706 1626 Ηιιιιιίι
741 1573 823 1646 igitur
853 1579 930 1630 vetus
963 1582 1153 1633 commentator

85 1655 226 1714 lectionem
246 1657 373 1714 librorum
394 1663 557 1723 nostrorum,
584 1657 689 1710 etiamsi
710 1656 778 1710 male
799 1663 840 1712 est
859 1659 1055 1733 interpretatus.
1098 1658 1154 1716 Sed

87 1757 164 1813 quum
187 1739 316 1814 quosdam
338 1739 423 1807 dicat,
452 1742 600 1812 sicutipse
622 1739 718 1806 facist,
740 1741 938 1838 interpungere,
960 1742 1153 1816 aliiinterpre-

87 1829 129 1880 tes
160 1823 225 1882 olim
254 1830 316 1878 aute
345 1825 414 1898 conj.
439 1810 536 1878 άλλά
557 1820 707 1894 videntur
700 1825 812 1918 incisum
833 1827 966 1920 posuisse.
1006 1822 1084 1882 Fecit
1103 1823 1156 1882 hoc

91 1922 126 1961 ex
148 1906 312 1962 nostratibus
331 1903 433 1974 Herm,
455 1907 508 2002 qui,
530 1908 610 1960 etiam
631 1911 692 1979 post
715 1890 769 1962 du
789 1908 874 1962 inciso
897 1905 1041 1976 collocato,
1063 1925 1156 1964 conve-

36 1989 39 1996 “
88 1991 257 2046 nientissime
283 1991 378 2044 vertit.
413 1991 484 2044 omni
512 2007 570 2044 cum
598 1989 780 2046 benevolentia
810 1988 993 2059 accedentem,
1024 1985 1155 2066 saltem*)

88 2070 187 2142 (scito,
216 2073 282 2130 bene
310 2067 392 2148 seito)
415 2074 463 2128 tihi
484 2070 518 2128 ad
538 2073 721 2129 liberationem
742 2074 774 2129 ah
796 2071 848 2130 hoc
868 2073 968 2129 malo.“
1010 2073 1063 2130 Sed
1085 2073 1157 2150 quod

87 2163 221 2229 praeterea
246 2153 337 2212 Herm.
367 2159 397 2212 in
423 2154 538 2212 editione
563 2146 763 2250 μαλάσσου,
791 2159 820 2212 in
849 2163 966 2214 retractt.
987 2147 1156 2216 πελάσσαι

89 2242 209 2314 scripsit,
240 2243 284 2313 qui
312 2237 385 2298 infin.
411 2257 429 2296 a
455 2241 535 2296 verbo
564 2229 658 2314 σέβει
684 2239 825 2316 penderet,
857 2271 895 2282 ——
925 2239 969 2297 his
996 2241 1156 2317 conjecturis

91 2339 156 2396 opus
179 2339 315 2378 essenon
336 2321 430 2388 ιιο1ο
459 2321 599 2378 dummodo
627 2311 723 2391 ξένοι
744 2342 801 2380 cum
825 2321 910 2380 schol
931 2323 1073 2415 adipsum
1095 2323 1157 2380 cho

90 2422 147 2460 rum
169 2405 331 2472 referamus,
362 2412 390 2460 ct
415 2407 455 2460 ita
476 2403 611 2500 quidem,
624 2412 655 2459 ut
677 2414 704 2462 et
724 2405 760 2461 ed
780 2397 874 2480 σέβει
897 2399 1157 2464 condoctores

88 2491 228 2560 pertineat.
258 2485 330 2544 Nam
350 2475 484 2557 πελάζεο
506 2478 730 2562 appropinquandi
751 2503 833 2544 sensu
854 2505 928 2542 oum
934 2505 989 2544 acc.
1011 2491 1044 2544 ab
1065 2487 1158 2562 Eunp

89 2588 192 2646 quoque
215 2589 279 2628 eous
281 2573 404 2627 truitur
396 2589 425 2626 ru
446 2567 572 2626 Androm.
594 2588 620 2626 v.
644 2561 784 2630 1144

245 2671 298 2746 ὅδ’
319 2675 465 2756 άιαξ.
488 2678 646 2764 ..δῶμα
666 2660 846 2761 πελάζει,

92 2821 165 2875 quem
187 2825 214 2862 v.
238 2782 339 2862 Wund.
362 2802 396 2860 ad
416 2802 488 2862 Phil.
512 2798 597 2866 1126
618 2796 715 2880 (1149
735 2803 796 2881 Βι.)
818 2805 916 2874 attulit,
938 2803 1007 2876 (non
1021 2771 1092 2862 recto
1108 2799 1160 2860 huc

93 2885 157 2944 (led.
179 2888 248 2960 Tyr.
268 2909 295 2946 ι.
320 2880 403 2948 1134
424 2887 541 2958 trahens,
562 2891 608 2949 ubi
628 2889 805 2947 anacoluthon
826 2887 889 2959 ιιι)
913 2897 939 2946 et
959 2893 987 2947 in
1008 2888 1092 2946 Rhes.
1107 2881 1159 2947 13:

245 2999 332 3073 τὶιες
353 2997 414 3073 τάς
435 2997 594 3084 ἁμετέρας
615 3003 728 3074 κοίτας
749 2997 937 3072 πλάθοιισ,

95 3127 120 3175 et
140 3117 285 3192 Aeschyli,
306 3128 337 3176 ut
357 3120 476 3190 videtur,
497 3125 526 3177 in
548 3121 622 3195 Sept.
643 3139 671 3178 v.
694 3113 772 3178 142:

197 3243 200 3249 '
248 3229 358 3300 λιταῖς
379 3247 417 3292 σε
440 3223 644 3301 θεοκλύτοις

249 3307 417 3374 dedoceas
436 3307 700 3393 πελαζόμεσθα,

96 3433 229 3507 siquidem
245 3431 399 3508 hujusmodi
420 3437 564 3491 accusativi
586 3442 611 3492 et
632 3431 665 3492 ad
686 3436 851 3512 participium
873 3443 899 3494 et
920 3436 1082 3494 adverbum
1103 3436 1160 3493 fini·

100 3522 154 3572 tum
185 3521 319 3595 pertinere
354 3517 452 3574 solent.
501 3516 613 3575 Omnino
654 3538 718 3576 vero
752 3521 840 3577 verbis
869 3523 1059 3588 intransitivis,
1095 3538 1163 3592 quae
1259 3565 1261 3572 .

97 3607 194 3658 motum
222 3601 385 3678 significant,
414 3621 467 3659 non
498 3621 557 3658 raro
588 3603 746 3678 assequendi
781 3610 809 3660 et
831 3601 976 3678 occupandi
997 3605 1163 3668 accusativus

101 3681 215 3742 additur.
259 3685 329 3740 Tum
351 3683 519 3742 Hermannus
545 3689 662 3762 ineptum
682 3688 821 3744 verborum
843 3686 901 3743 fore
921 3687 1007 3742 lusum
1031 3687 1083 3750 ait,
1110 3683 1165 3738 uisi

102 3753 214 3836 εὔνους
243 3771 321 3825 etiam
350 3767 385 3826 ad
412 3759 582 3828 πέλασσοι
607 3770 755 3846 adjiciatur.
798 3767 836 3826 At
856 3771 925 3827 ultro
949 3789 980 3825 ac
1002 3773 1096 3842 sponte
1113 3753 1165 3822 εὖ·

101 3837 178 3926 ιοία
204 3842 302 3931 πάσα
328 3860 354 3910 et
381 3851 416 3909 ad
443 3846 616 3912 πέλασσοι
645 3853 732 3911 etad
758 3843 911 3912 πελάται
937 3849 1165 3918 enimtoleum,

101 3937 130 3984 ut
154 3903 221 3992 llaec
250 3938 286 3990 sit
313 3938 460 3992 sententia.
491 3939 517 3992 si
545 3940 674 3993 revereris
701 3935 849 4010 hospitem,
881 3935 916 3992 ad
936 3933 1065 4008 hospitem
1088 3927 1119 4004 (i.
1142 3951 1165 3990 e.

104 4013 160 4085 me)
185 4016 281 4074 accede
309 4037 412 4074 summa
438 4017 622 4075 benevolentia
650 4017 685 4076 ad
710 4025 737 4074 te
757 4017 938 4088 accedentem,
970 4017 1062 4074 saltem
1085 4013 1119 4092 (i.
1142 4035 1165 4073 e.
1216 4063 1222 4078 .

105 4158 304 4174 m

175 4244 197 4301 *l
215 4245 325 4304 Exempla
341 4245 409 4302 hujus
426 4247 599 4305 significationis
616 4262 639 4300 v.
657 4261 695 4307 ap.
712 4245 814 4298 Ellendt·
828 4261 849 4294 s.
868 4263 890 4304 ι,
907 4241 975 4299 α’λλὰ
994 4263 1016 4308 p.
1036 4251 1076 4294 80,

157 4481 161 4490 ι
191 4473 210 4502 ο
307 4502 311 4511 l
