3032 5168
332 583 434 658 poesim
451 597 550 654 eenexp
583 575 632 639 lad
660 579 777 641 morbum
805 581 874 640 enim
905 567 1004 658 ἔργον
1032 596 1058 634 v.
1083 567 1174 640 1019.
1197 581 1329 654 pertinere
1350 581 1412 660 jem

334 663 419 722 schol.
440 665 581 738 cognovil3
602 664 660 722 scil.
683 664 835 739 eitnpliciter·
857 683 911 720 rem
934 663 1071 740 cignilicel,
1093 680 1160 738 quae
1182 660 1209 719 b.
1224 663 1243 720 l.
1266 662 1293 720 id
1317 674 1412 729 notat,

333 745 403 822 qnod
425 744 545 820 rident3)
568 756 623 803 tuna
648 749 845 824 subcingitatur:
874 749 961 822 itaque
984 766 1016 804 ne
1038 765 1112 822 opem
1135 742 1238 821 quidem
1260 751 1284 803 el
1307 747 1414 804 afferre
1473 737 1474 826 l

257 829 264 852 ¹
333 830 418 891 valeo.
461 829 506 888 Tu
526 842 741 908 vero,’pergunt,
763 832 885 889 subleva:
907 840 934 888 te
955 833 1023 888 enim
1046 827 1090 906 (ul
1107 829 1205 899 filiurn)
1226 829 1302 888 decet
1325 835 1414 888 etiam

332 921 500 989 conspec‘nnn
522 934 638 982 serrare,
660 905 770 991 (ὄμμα
790 917 811 975 i.
832 933 859 989 q.
881 922 1035 988 conspectus
1057 932 1118 970 esee
1140 910 1217 970 docet
1239 913 1363 972 Ellendt.
1389 935 1414 970 s.

333 996 360 1054 h.
382 993 424 1072 r.)
445 1002 464 1056 i.
487 1018 511 1057 e.
533 1002 557 1056 ei
578 998 699 1066 adstare,
721 1000 805 1072 magis
828 1015 904 1071 quam
926 1014 968 1054 me
989 989 1107 1070 (πλέον
1128 983 1153 1069 ἢ
1172 989 1217 1054 δι’
1238 990 1319 1075 ἐμοῦ
1341 990 1414 1056 σώ-
1474 1044 1475 1070 ,

336 1073 489 1158 ζισθαι).
532 1078 575 1138 Ad
597 1078 668 1154 quod
689 1078 829 1152 respondet
851 1078 961 1149 Hyllus,
983 1097 1013 1137 ee
1035 1086 1132 1155 patrem
1162 1081 1265 1138 elerare
1287 1082 1415 1157 quidem,
1474 1073 1475 1102 ³

333 1183 417 1240 neque
436 1173 524 1222 tamen
546 1163 683 1218 sublevare
703 1169 783 1236 atque
804 1161 930 1239 adjuvare
951 1180 1040 1237 posse.

417 1244 565 1304 Particulae
593 1239 628 1303 τὲ
656 1231 722 1323 γάρ
752 1262 769 1300 a
795 1243 890 1304 Consi.
917 1243 1047 1304 Matthiae
1073 1248 1101 1302 in
1124 1255 1240 1322 quaesti.
1271 1248 1359 1326 Soph.
1386 1269 1415 1324 p.

339 1321 409 1390 104.
431 1337 500 1385 recte
518 1329 549 1405 ja
570 1326 636 1386 auch
656 1335 803 1397 vertuntur.
1475 1393 1476 1396 Ἴ

415 1410 469 1468 Sed
490 1413 583 1482 fateor,
605 1431 688 1472 meam
710 1417 837 1472 rationem
859 1410 999 1472 admodum
1021 1411 1170 1472 dubitanter
1191 1433 1233 1472 me
1247 1416 1413 1490 protulisse,

332 1495 474 1572 protulisse
496 1505 581 1552 autem
615 1515 647 1554 ne
674 1495 709 1556 ad
730 1502 878 1576 graviorem
900 1487 1032 1556 Wunden'
1053 1499 1278 1568 emendationem,
1306 1502 1413 1576 partim

331 1586 437 1636 auctore
458 1582 552 1655 partim
573 1579 678 1640 vindice
699 1581 852 1642 Hermanno
875 1582 971 1640 factam

536 1651 591 1724 σοι’
611 1679 650 1726 τι
671 1659 740 1748 γάρ
763 1655 879 1748 ἅμμα
901 1656 1156 1745 ἔμπεδον...

334 1745 537 1824 conbrgiendunn
559 1758 642 1806 esset.
767 1789 774 1796 -

417 1825 510 1895 1021.
553 1823 751 1894 λαθὶπονον
771 1826 803 1896 δ’
821 1825 951 1895 ὀδύναι
971 1821 1042 1892 οὔτ’
1063 1819 1213 1892 ἔνδοθεν
1219 1871 1315 1889 ......

425 1983 427 1988 ,
558 1905 630 1977 ἔστι
650 1935 709 1994 μοι
728 1909 885 1990 ἐξανύσαι
904 1908 1033 1991 βιότου.

329 1999 370 2056 lia
391 2000 451 2056 libri
474 2001 577 2056 etalter
598 1999 692 2066 schol,
714 2017 853 2056 emanans:
883 1991 953 2061 Ίῆν
972 1988 1095 2062 ὀδύνην
1116 1987 1175 2050 τοῦ
1192 1986 1272 2067 βίου
1294 1987 1419 2052 advos!

331 2075 394 2151 τήν
408 2073 602 2136 λαθίπονον
619 2069 776 2147 ἐξανύσαι
797 2071 838 2134 οὐ
859 2069 1015 2148 δύναμαι.
1058 2071 1112 2130 Sed
1132 2091 1166 2128 ex
1188 2073 1271 2128 allero
1293 2071 1412 2148 scholio

331 2156 394 2232 τήν
421 2151 613 2217 λαθιπονον
639 2152 729 2217 ἴασιν
756 2155 820 2216 τῶν
845 2147 1045 2216 ὀδυνῶν...
1071 2174 1128 2211 curn
1150 2154 1305 2230 lllusgrario
1329 2153 1411 2210 ller-

331 2261 440 2298 mannus
462 2249 489 2296 et
510 2242 627 2314 plerique
648 2240 696 2300 alii
718 2230 844 2300 ὀδυνᾶν
863 2246 1025 2315 receperunt.
1060 2237 1141 2295 Iidem
1164 2243 1260 2314 optime
1276 2231 1411 2314 βίοτον
1478 2266 1479 2304 r

329 2324 462 2380 scribunt:
495 2341 570 2398 quem
598 2327 775 2382 accusativum
803 2345 820 2382 a
849 2322 934 2382 schol.
955 2343 1021 2380 voce
1044 2314 1137 2381 ἴασιν
1157 2322 1314 2396 explicatum
1336 2341 1409 2378 esse

330 2425 419 2483 piarum
441 2407 611 2482 probabiliter
631 2411 757 2478 sentiunt,
778 2407 907 2484 siquidem
929 2405 1075 2464 scholiasta
1095 2396 1293 2464 λαθὶπονον
1308 2416 1408 2480 aperte

330 2505 377 2568 pro
399 2500 491 2550 neutro
514 2489 636 2568 adjectivi
666 2490 709 2550 hic
737 2513 784 2569 pro
813 2495 898 2551 subet.
925 2488 990 2548 dicti
1011 2487 1115 2558 babuit,
1144 2487 1223 2562 idque
1246 2508 1294 2545 suo
1317 2487 1403 2550 mildo

329 2579 367 2634 ita
388 2577 573 2652 interpretatus
596 2575 646 2643 est}
667 2584 697 2632 ut
717 2566 902 2656 φάρμακον
922 2574 1065 2650 suppleret.
1106 2569 1175 2628 Nam
1191 2560 1296 2630 λείπει
1306 2561 1403 2653 φάρ-
1479 2627 1480 2630 ,

328 2675 438 2735 μακον
458 2678 505 2734 pro
528 2659 641 2718 absurdo
663 2664 779 2736 genitivo
802 2649 908 2718 λείπει
928 2646 1114 2736 φαρμάκου
1142 2655 1306 2712 scribendum
1336 2674 1401 2712 esee
1479 2675 1480 2678 ¹

329 2741 433 2798 Nonius
454 2741 531 2800 vidit.
574 2742 643 2798 Tum
665 2762 728 2799 vero
743 2751 819 2798 retus
835 2744 1021 2818 grammaticus
1038 2748 1083 2796 aut
1101 2757 1158 2796 cum
1181 2738 1255 2796 libris
1276 2728 1402 2818 βιότου

330 2826 412 2900 legit,
434 2827 577 2898 genitimm
607 2827 638 2881 ab
661 2811 784 2884 ὄδυνᾶν
806 2823 918 2902 pendere
946 2831 1033 2892 ratus,
1061 2832 1106 2882 aut
1128 2824 1152 2880 si
1172 2814 1306 2899 βίοτον,
1326 2823 1400 2880 hunc

330 2911 520 2975 accusativum,
544 2925 618 2981 quem
641 2903 732 2964 Latini
755 2910 884 2966 Graecum
906 2909 1050 2974 nominant,
1071 2926 1131 2964 esse
1154 2910 1264 2976 cenauit,
1284 2915 1315 2964 ut
1335 2925 1399 2962 sen·

289 2995 294 3015 ¹
329 2993 413 3048 tentia
433 2998 519 3048 esset:
546 2989 705 3048 medicamen
728 2990 847 3048 dolorum
869 2991 972 3048 efficere
993 3009 1045 3047 non
1066 3009 1174 3066 possum
1203 2990 1274 3064 quod
1301 2993 1400 3046 attinet

329 3072 363 3132 ad
383 3078 475 3132 iiiam.
516 3069 610 3150 Neque
631 3081 718 3133 tamen
740 3079 878 3150 qnisquam
899 3073 1043 3142 dubitabit,
1065 3077 1129 3149 quin
1149 3080 1247 3133 rectius
1268 3076 1396 3132 recentio-

328 3178 372 3216 res
394 3163 505 3235 interpp.
527 3177 581 3214 rem
603 3159 809 3235 explanaverint.

414 3241 536 3299 Ceterum
567 3239 687 3300 diversos
710 3241 753 3300 hic
774 3248 880 3300 exulare
901 3238 1061 3300 scholiastae
1081 3239 1126 3298 rel
1147 3261 1178 3300 eo
1201 3241 1396 3319 cognoscimus,

329 3321 399 3398 quod
419 3313 567 3380 ἔνδοθεν
585 3315 713 3382 tuinxoln'
731 3319 886 3400 ἐμαυτοῦ,
906 3333 961 3382 tum
980 3317 1037 3385 δια
1051 3316 1114 3383 ord
1166 3342 1222 3393 τος
1239 3325 1395 3421 explicatur.

413 3405 445 3461 ln
467 3404 558 3462 eodem
579 3425 606 3464 v.
630 3401 722 3466 1⁰21.
742 3397 812 3465 οὔτ’
833 3399 981 3467 ἔνδοθεν
1002 3397 1078 3467 odae
1138 3399 1246 3484 ὑραζ
1276 3397 1397 3467 ενεστί

328 3505 386 3570 μοι
406 3507 488 3566 paene
509 3505 599 3546 omues
621 3487 699 3548 codd.
739 3492 853 3559 raebent,
875 3509 942 3547 unua
955 3481 1089 3568 θύραζε
1110 3482 1192 3551 ἔστι.
1236 3491 1286 3550 [lhi
1303 3490 1395 3547 Herm.

279 3577 282 3582 ’
305 3576 426 3651 'aliique
457 3592 492 3630 ex
519 3573 589 3650 conj.
617 3509 752 3654 Odpoedd
778 3565 810 3652 y'
831 3582 988 3650 posuerunt,
1016 3577 1066 3631 etsi
1088 3567 1126 3652 γε’
1147 3573 1176 3636 h.
1198 3575 1218 3632 l.
1239 3577 1286 3632 rix
1306 3582 1395 3651 aptum

329 3667 379 3717 est.
424 3656 476 3716 Sed
498 3654 666 3725 scholiastae,
689 3677 796 3734 quorum
819 3658 887 3714 alter
906 3647 975 3716 οὔτ’
997 3645 1140 3728 ἔξωθεν,
1161 3647 1318 3735 alterodee
1335 3646 1396 3713 ἀπ’

329 3735 475 3819 ἐμαυτοῦ
496 3729 573 3800 οὔτε
595 3730 664 3799 α’πό
686 3757 775 3810 τινος
796 3735 862 3802 τῶν
875 3733 975 3812 ξένων
993 3751 1109 3809 annotat,
1131 3750 1219 3820 aperte
1232 3732 1396 3821 θύραθεν

329 3827 448 3902 legerunt
455 3869 463 3896 ,
486 3823 556 3904 quod
578 3845 645 3882 unus
667 3825 728 3882 Par.
750 3828 777 3883 h.
798 3824 891 3894 habet,
918 3824 966 3883 sed
988 3843 1039 3901 quo
1070 3823 1142 3882 ducit
1162 3828 1240 3882 etiarn
1262 3819 1293 3882 θ
1314 3841 1395 3902 supra

331 3899 351 3978 ζ
372 3911 399 3966 in
420 3910 472 3974 La.
494 3917 621 3968 nolanum.
663 3908 773 3987 Recepit
800 3908 851 3968 hoc
867 3910 925 3986 jam
952 3905 1114 3976 Branchius,
1143 3928 1227 3986 noque
1253 3906 1393 3984 quidquam

330 3993 386 4048 scio
408 3996 506 4052 atius.
1323 3994 1328 4000 '

417 4011 507 4134 lun.
550 4065 627 4136 ἀλλ’
647 4069 852 4144 ἀστένακτος
871 4059 947 4132 αἰὲν
967 4057 1143 4150 ἑσπόμην
1163 4067 1289 4144 κακοῖς.

330 4151 420 4214 Schol.
449 4165 476 4216 et
503 4153 547 4216 hlc
571 4163 755 4238 intorpretatur
782 4149 964 4240 ὑπέφερον,
994 4163 1022 4214 et
1049 4155 1084 4216 ad
1111 4156 1155 4235 Aj.
1181 4151 1254 4218 318.
1276 4157 1345 4218 huuc
1365 4177 1392 4216 v.

329 4238 440 4300 landam
462 4239 538 4298 affert
559 4235 709 4320 εἱπόμην.
751 4241 831 4308 Quot
858 4240 984 4317 irmperh,
1006 4259 1159 4316 quanquam
1180 4261 1233 4300 non
1255 4259 1286 4298 eo
1309 4259 1414 4314 usqne
