3032 5168
1123 405 1162 468 lh

177 573 288 637 Quodsi
311 572 353 630 his
375 577 401 630 in
435 574 512 628 rehus
535 570 674 639 Didymum
707 591 848 647 agnoscere
875 591 926 630 non
958 580 1105 649 potuimus,
1138 583 1161 633 oi

84 658 176 718 sclrol.
201 657 239 716 ad
262 657 305 716 Et.
330 652 400 717 130.
423 653 520 712 Surdas
543 675 566 713 s.
590 673 615 709 r.
639 643 754 712 ἀλύειν
771 658 867 716 tribuit.
911 656 1057 716 Auootatur
1079 664 1113 716 ihi
1137 667 1162 717 iu

85 741 221 812 scholiis,
250 744 331 798 sorbo
357 732 474 798 ἀλύειν
501 748 528 794 ot
549 741 566 793 i.
590 757 616 812 q.
648 733 821 817 ducmopsiv
841 749 867 795 ot
889 744 905 801 i.
928 763 953 816 q.
977 738 1163 818 γιγηθὲναι

85 827 259 904 significari3
282 829 307 882 si
328 823 408 891 illud,
432 832 536 892 otpruon
559 842 618 878 esse
644 813 759 878 α’λέαν.
803 821 877 882 Suid.
900 834 984 880 autem
1013 825 1055 884 his
1077 832 1163 886 rerhis

84 913 187 986 partim
222 909 380 982 descriptis,
409 906 566 980 laudataque
595 903 734 979 Sophoclis
762 925 855 973 versu,
888 907 1014 980 quosdam
1041 915 1078 967 ait
1099 911 1164 968 duas

84 995 153 1051 illas
176 993 389 1070 significationes
410 993 504 1065 spiritu
526 989 696 1064 distinguere.
739 979 883 1065 Δίδυμος
905 986 956 1055 δὲ,
976 997 1072 1071 porgit,
1103 985 1164 1066 cip-

86 1067 227 1158 φιότερα
252 1069 367 1152 ψιλῶς.
390 1065 511 1148 τὸμὲν
540 1063 606 1150 γάρ
634 1065 702 1128 dard
738 1068 797 1130 τοῦ
828 1063 1056 1133 ἀλεαίνεσθαι
1080 1093 1166 1154 φησι

85 1161 156 1234 (hoc
179 1161 253 1216 idom
275 1160 345 1215 r'alot
366 1167 442 1232 atquc
463 1155 622 1213 scholiastae
638 1148 751 1230 attia),
773 1145 812 1214 τὸ
836 1148 873 1216 δέ
896 1149 964 1216 clad
988 1157 1049 1232 τῆς
1069 1157 1163 1233 ἄλης.

84 1243 184 1318 ltaque
208 1241 342 1313 Didymus
365 1241 397 1314 du
419 1239 520 1299 duabus
541 1241 614 1297 rerhi
634 1241 871 1316 significationibus
893 1241 925 1297 de
948 1244 1056 1320 ejusque
1077 1246 1165 1304 radice

91 1328 298 1403 disputaverat,
325 1329 480 1401 epitomator
507 1331 594 1382 autera
621 1322 699 1400 hujus
727 1328 890 1400 grauioratici
911 1333 1106 1388 annotationem
1128 1335 1165 1388 ita

86 1413 253 1487 descripsit,
275 1419 305 1468 ut
326 1411 434 1467 alteram
456 1407 570 1465 radicem
592 1411 740 1476 omitteret,
767 1425 845 1482 quarm
870 1408 898 1466 h.
921 1410 939 1471 l.
970 1410 1002 1468 de
1023 1414 1163 1486 gaudendo

87 1503 196 1552 tanturn
227 1502 358 1570 ageretur.
408 1492 462 1550 Sed
484 1491 609 1568 qmdquid
634 1489 684 1549 hoa
706 1500 763 1561 est,
784 1511 844 1549 ecce
865 1492 1008 1564 Didymuar
1029 1499 1058 1556 in
1078 1498 1163 1558 schol.

89 1579 123 1640 Ο.
149 1578 212 1639 Col.
238 1571 390 1638 1000.
414 1572 473 1634 καὶ
495 1567 647 1644 Εὔπολις
667 1569 824 1656 Μαρικᾷ·
904 1597 907 1604 ’

174 1655 267 1722 Ἀλλ’
289 1653 377 1720 aaut
398 1651 527 1728 πόλεως
550 1641 637 1736 εἶμι·
660 1653 771 1718 θῦσαι
792 1651 855 1741 γάρ
876 1678 920 1738 με
943 1659 997 1726 δεῖ

184 1736 299 1825 Κριὸν
320 1735 413 1824 Xlo'p
436 1734 602 1818 Δήμητρι.

79 1822 203 1888 Ἔνθα·
237 1821 408 1897 δηλοῦται,
440 1813 493 1884 ὅτι
520 1821 579 1882 καὶ
606 1817 698 1902 κριός
724 1817 854 1896 θήλεια
883 1821 923 1907 τῇ
957 1823 1031 1908 θεῷ
1060 1825 1165 1906 ταύτῃ

90 1905 247 1969 θύεται·
269 1899 356 1966 οὕτω
378 1904 414 1967 δὲ
435 1902 577 1984 τιμᾶται
589 1943 675 1963 .....
709 1907 779 1964 Illud
801 1899 891 1968 ἔνθα
912 1930 988 1994 npmo
1009 1915 1087 1972 facile
1108 1897 1166 1985 eril,

93 1997 140 2069 qui
169 1992 207 2049 ad
235 1996 320 2068 ipsam
349 1993 464 2048 tabulam
493 1993 603 2058 inferat,
633 2010 716 2066 neque
742 1996 808 2048 sinit
833 1995 974 2069 fragmenti
1002 2000 1164 2074 simplicitas.
1257 2037 1259 2042 ·

91 2079 189 2152 ltaque
212 2078 386 2133 usitatissimo
409 2073 487 2132 arado
503 2074 536 2133 ad
551 2074 689 2152 Eupolidis
712 2081 914 2135 commentarios
936 2084 1081 2155 respicitur,
1098 2105 1165 2158 quos

90 2181 108 2218 a
129 2159 252 2231 Didymo
275 2160 409 2217 coalemos
431 2178 491 2216 esso
513 2157 652 2218 admodum
681 2161 848 2234 prolmhiliter
871 2161 903 2218 0.
927 2163 1102 2224 Schneiderus
1132 2169 1165 2226 de

89 2243 178 2302 Arist.
207 2243 296 2304 schol.
323 2263 349 2319 p.
381 2238 429 2302 10.
460 2242 586 2301 ostendit.
628 2242 739 2302 Dubitat
772 2244 875 2320 quidem
905 2245 937 2304 de
965 2267 998 2305 ra
1022 2269 1050 2306 re
1079 2251 1164 2310 adhuc

89 2329 219 2405 Eagerus
250 2328 277 2385 in
298 2327 393 2386 Zirura.
421 2347 481 2384 ann.
512 2327 576 2402 phil.
604 2346 634 2410 a!
651 2309 731 2389 1001
753 2347 780 2406 p.
802 2323 888 2398 935.;
911 2331 959 2388 sod
980 2331 1041 2392 huic
1063 2356 1164 2412 quoquo

89 2431 172 2488 spero
202 2425 358 2488 persuasum
387 2413 420 2465 iri
441 2410 542 2468 duobus
564 2414 739 2478 testimoniis,
771 2433 836 2486 quae
862 2413 1039 2474 Schneiderus
1060 2423 1165 2478 omisit:

90 2495 199 2554 scholio
223 2492 313 2570 Apoll.
335 2492 423 2553 Rhod.
444 2493 490 2553 lv.
515 2483 595 2561 144,
617 2495 660 2549 uhi
681 2504 818 2568 postquam
842 2499 986 2568 quaesitum
1008 2507 1058 2563 est,
1080 2511 1164 2560 utrum

89 2567 228 2674 (ἰξμβος
249 2597 284 2636 an
304 2565 432 2658 ῥόμβος
453 2576 594 2645 diceretur,
622 2582 749 2653 pergitur:
779 2573 837 2633 καὶ
866 2571 901 2636 ἐν
933 2571 1100 2642 Εὒπόλιὸι
1131 2582 1167 2644 δὲ

89 2653 200 2732 οὕτως
221 2651 437 2738 ἐξηγοῦνται·
454 2644 498 2715 Ὦ
519 2649 662 2741 ρὑβοις
682 2651 846 2736 pancitas
867 2654 938 2738 ἐμὲι
960 2673 988 2720 et
1007 2665 1109 2724 scholio
1132 2670 1166 2726 ad

91 2747 247 2804 eorumdem
261 2746 496 2823 Argonauticorum
508 2743 529 2804 l.
550 2737 647 2804 1139:
660 2735 776 2802 Ἄλλοι
789 2738 825 2801 δὲ
845 2735 975 2825 ῥὺμβον
995 2744 1166 2828 καλοῦσιν,

91 2821 134 2900 ὠς
157 2823 313 2899 Εὔπολις
334 2823 369 2889 ἐν
384 2822 539 2898 Βάπταις
558 2822 826 2904 καὶ,Δι’δαμος*).
867 2829 955 2889 Nimis
976 2835 1057 2910 igitur
1077 2837 1165 2894 audax

91 2914 157 2972 mihi
179 2935 244 2974 osse
266 2933 318 2970 non
339 2913 447 2984 videor,
469 2915 493 2969 si
514 2911 557 2970 his
579 2933 612 2968 ex
634 2915 712 2969 relius
733 2915 844 2989 colligo,
874 2935 952 2991 saepe
973 2916 1113 2989 llidyumrn
1137 2926 1163 2980 in

92 2998 205 3056 scholiis
236 3001 336 3056 nostris
362 2998 405 3055 rel
436 3001 534 3055 ornisso
563 2999 668 3053 nomiae
689 3015 751 3052 esse
770 3001 940 3074 exscriptum.
983 2999 1039 3074 (Cf.
1062 3003 1094 3060 de
1116 3004 1165 3060 hor

91 3085 325 3157 grammaticorum
346 3101 418 3138 more
439 3079 612 3136 Ritschelium
635 3079 668 3136 do
690 3079 743 3136 Oro
767 3089 793 3136 et
815 3082 861 3142 Or.
883 3102 908 3154 p.
930 3077 974 3139 33
994 3103 1069 3157 seq„

180 3165 303 3222 Ceterum
326 3169 349 3220 si
372 3183 423 3220 nou
444 3165 490 3219 ille
512 3166 705 3236 grarrnmatious,
719 3159 916 3219 Alexandrinus
936 3171 1006 3221 certe
1027 3185 1057 3222 se
1078 3171 1165 3243 prodit

91 3253 120 3304 in
144 3248 235 3303 sohar.
256 3243 301 3318 dj.
325 3240 395 3304 135.
417 3228 490 3302 οἷόν
512 3237 584 3302 ἐστι
608 3233 666 3298 καί
678 3232 908 3322 Ἀλεξάνδρεια
927 3237 1083 3326 ἀγχίαλος
1094 3252 1164 3330 μὲν,

91 3320 157 3386 οὐκ
181 3318 362 3406 &propalatos
383 3319 430 3386 δέ.
474 3325 540 3388 (luis
562 3330 629 3382 enim
652 3327 797 3402 exemplum
818 3329 895 3403 plane
916 3331 1051 3392 fortuitum
1065 3341 1115 3394 uisi
1131 3361 1163 3396 ox

92 3416 218 3488 proxima
240 3431 341 3488 quaque
360 3431 389 3468 ro
410 3411 512 3468 sumet?
555 3409 594 3468 Aa
621 3429 669 3468 suo
687 3411 746 3488 jure
763 3413 820 3488 janu
846 3411 880 3478 F.
908 3414 1069 3480 Stoackerus
1095 3420 1163 3480 hanc

92 3502 265 3556 annotionom
288 3499 389 3554 censuit
409 3497 603 3572 gravissimam.

177 3579 325 3652 Didymunr
346 3599 423 3656 porro
445 3577 682 3656 deprehendemus,
709 3583 732 3637 si
755 3581 913 3639 simillimam
936 3603 1040 3660 oporam
1062 3601 1162 3662 spreta·

95 3669 228 3733 resinous,
251 3683 326 3740 quarn
348 3668 376 3721 in
397 3665 457 3719 aliis
478 3667 564 3738 poiitis
586 3668 684 3738 posuit.
727 3662 796 3720 Nam
818 3670 916 3740 passim
939 3670 996 3742 rjus
1021 3690 1113 3726 nornen
1136 3678 1163 3728 in

96 3748 209 3808 scholiis
230 3749 354 3816 Hauon,
375 3746 497 3814 Pindari,
518 3747 670 3822 Euripidis,
692 3746 889 3823 Aristophanis,
911 3748 1045 3825 Apollonii
1066 3752 1163 3812 Rhodii

97 3843 139 3890 est
166 3843 317 3901 servatum,
345 3862 383 3874 -
410 3834 438 3888 in
466 3826 622 3902 Aeschyleis
650 3835 717 3888 enim
748 3831 866 3888 Fortuna
886 3835 913 3888 in
935 3835 992 3908 ejas
1014 3840 1162 3900 memoriam

98 3917 148 3973 luit
168 3920 296 3993 iniquior3
320 3937 360 3958 -e
391 3933 457 3991 quas
485 3915 592 3992 glossas
626 3918 649 3972 si
675 3916 830 3984 contuleris,
860 3916 937 3972 facile
967 3915 1083 3991 ridelis,
1110 3943 1162 3980 non

167 4066 190 4121 ‘)
209 4067 227 4110 l.
245 4079 266 4110 c.
285 4065 350 4110 otiam
368 4063 475 4120 Didymus
496 4062 564 4119 hujus
587 4065 650 4106 vocis
668 4070 748 4107 auctor
769 4069 816 4122 est,
834 4075 899 4118 quum
926 4075 972 4108 cam
1000 4067 1021 4110 in
1046 4069 1162 4127 Eupolidis

100 4143 168 4176 vorsu
181 4133 301 4190 receperit.
323 4133 418 4175 Frustra
427 4131 496 4188 igitur
514 4130 661 4184 llcinsclrius,
674 4131 710 4173 sir
722 4141 828 4182 summus,
839 4129 862 4171 iu
873 4138 968 4186 quaesit.
979 4147 1040 4180 saon.
1051 4137 1090 4180 111.
1104 4152 1126 4194 p.
1139 4143 1162 4186 5.

100 4196 164 4245 thist.
181 4199 231 4242 crit.
244 4200 301 4248 tom.
313 4197 444 4255 p.1d.)pro
456 4195 504 4243 καί
514 4197 604 4256 scripsit
617 4186 661 4250 ὡς.
679 4197 748 4250 Quom
766 4195 804 4237 rix
818 4195 916 4239 arbitror
928 4197 984 4243 hauc
997 4205 1162 4248 annotationem

99 4276 127 4310 ss
145 4263 232 4322 Didymi
249 4263 323 4310 lexico
341 4265 425 4310 comico
443 4264 559 4311 ducturum
577 4264 655 4328 tuisse,
674 4263 694 4306 si
712 4262 867 4335 respondentis
886 4265 965 4312 schotti
984 4271 1127 4316 rnomiuisser,
