3016 5162
277 405 280 414 '
338 365 433 490 m„

401 588 471 656 164,
516 585 644 666 ταύτην
666 581 731 673 reip
754 551 838 688 ’s'pam
859 584 978 670 βιοτῆς
999 583 1106 685 udedan

511 668 846 773 lopocaefngldmomo,
867 670 1133 773 θηροβολουνζα

509 777 650 858 mt'nootc
670 773 943 860 ιςιςῃσμνυγερον
963 774 1144 840 σμυγερως,
1216 785 1220 800 ·

511 837 608 904 oncle
631 860 697 905 coo
726 860 831 921 αυτῳ

510 923 642 988 παιῶνα
663 921 775 987 κακῶν
795 919 974 1004 &conopon

339 1047 428 1107 Schol.
456 1053 585 1104 annotans
598 1031 650 1098 -a'.
671 1058 701 1104 τ.
724 1032 850 1125 ἑαυτῷ,
881 1062 939 1100 cunr
961 1044 1083 1101 omnihus
1104 1045 1182 1102 libris
1201 1051 1306 1122 proeter
1327 1045 1402 1107 flor.

337 1136 418 1190 rerba
440 1123 516 1190 οὐδὲ
538 1119 599 1186 τιν’
620 1116 712 1206 αὐτῷ
730 1123 836 1196 habuit,
864 1145 931 1200 quae
952 1123 1046 1184 Herm.
1068 1147 1126 1185 cum
1147 1124 1223 1192 Flos.
1243 1129 1291 1188 illo
1313 1133 1401 1209 ejecit,
1498 1169 1499 1176 κ

249 1281 251 1294 1
337 1220 407 1293 quia,
429 1219 454 1272 si
474 1229 532 1270 cum
553 1209 685 1286 plerisque
706 1207 849 1266 editoribus
870 1199 962 1288 αὖτῷ
981 1213 1147 1286 reciperetur,
1168 1216 1249 1272 verba
1258 1219 1300 1272 sic
1311 1226 1403 1274 essent
1498 1227 1499 1294 ζ

338 1293 507 1375 explicanda:
537 1311 639 1368 „neque
667 1293 749 1350 ullum
771 1296 795 1349 ei
816 1291 948 1350 hominem
970 1292 1060 1352 dicunt
1082 1294 1210 1354 medicum
1231 1297 1402 1370 admovere,“
1498 1299 1499 1306 ’

337 1384 405 1440 hano
431 1399 493 1436 vero
521 1380 659 1434 obscuram
687 1377 744 1434 fore
774 1381 918 1435 orationem
949 1383 1026 1454 atque
1053 1381 1093 1436 ita
1120 1399 1287 1456 expressam,
1316 1403 1347 1442 ec
1375 1389 1400 1442 si

336 1466 418 1540 alieni
437 1462 559 1519 homines
580 1465 609 1518 in
628 1465 683 1518 ista
702 1464 813 1537 regione
832 1464 971 1530 vixissent,
991 1460 1021 1519 id
1042 1461 1112 1538 quod
1133 1466 1231 1524 factum
1252 1486 1306 1525 non
1318 1477 1398 1526 esset.

336 1546 419 1623 Atqui
439 1563 523 1620 neque
543 1543 624 1604 verha
644 1545 693 1602 illa
712 1546 941 1621 interpolationem
961 1544 1082 1622 produnt,
1105 1567 1188 1623 neque
1210 1567 1306 1628 magna
1327 1553 1397 1609 codi-
1498 1545 1499 1558 ¹

334 1632 377 1690 'cis
396 1629 472 1688 Flor.
494 1635 536 1686 est
556 1632 714 1700 auctoritas,
735 1649 820 1706 neque
839 1647 901 1706 prae
922 1633 1012 1706 inopia
1034 1629 1196 1689 Philoctetae
1207 1630 1399 1714 Neoptolemus
1498 1667 1499 1698 r

336 1717 421 1774 morbi
446 1716 561 1792 ingentis
588 1722 676 1790 potest
702 1715 799 1772 oblitus
827 1732 897 1770 esse.
938 1712 975 1770 Et
1000 1717 1038 1771 ita
1063 1711 1158 1773 chorus
1186 1735 1264 1792 quum
1286 1739 1311 1775 v.
1336 1712 1399 1780 174
1498 1725 1499 1746 ³

338 1820 379 1875 sq.
401 1800 458 1878 ejus
481 1804 625 1874 egestatem
646 1797 774 1874 deploret,
793 1817 821 1854 r.
844 1789 906 1857 173
926 1796 960 1855 de
980 1799 1038 1875 ejus
1049 1800 1139 1857 morbo
1151 1804 1276 1876 queritur.
1298 1801 1398 1886 Nescio

337 1884 449 1960 denique
478 1902 511 1941 an
537 1885 624 1942 victus
645 1881 810 1940 Philoctetae
839 1884 886 1938 vix
917 1887 977 1958 apte
1006 1881 1122 1940 medicus
1143 1903 1250 1942 suorum
1271 1887 1399 1943 malorum

336 1966 389 2024 dici
410 1969 537 2043 potuerit,
559 1970 652 2040 quippe
673 1969 718 2037 qui
738 1970 824 2020 rictus
846 1966 936 2018 morbo
958 1973 1030 2020 certe
1049 1964 1121 2020 haud
1142 1967 1285 2024 medeatur.
1322 1967 1399 2031 Quae

335 2052 425 2106 omnia
444 2065 522 2122 quum
544 2045 695 2102 Hermanno
717 2047 834 2110 obstent,
865 2045 941 2111 hene,
965 2047 992 2098 ni
1013 2045 1103 2112 fallor,
1125 2052 1257 2103 sententia
1277 2053 1400 2124 procedit

335 2137 439 2187 servato
467 2131 622 2202 pronomine
649 2116 742 2202 αὐτῷ
768 2127 971 2196 accusativoque
993 2115 1073 2181 τινά
1095 2126 1129 2182 ad
1150 2123 1281 2184 noema
1302 2133 1404 2202 relato.

335 2212 406 2267 Tum
427 2217 523 2266 sensus
545 2215 602 2265 est:
631 2207 710 2262 talem
732 2205 835 2281 qualern
857 2203 928 2273 dixi,
949 2207 1030 2262 vitam
1055 2223 1114 2264 eum
1135 2207 1231 2286 degere
1253 2211 1325 2268 fama
1347 2226 1404 2286 est,

333 2292 466 2350 infelicem
485 2291 626 2348 infeliciter
645 2297 799 2356 venantem,
827 2279 911 2363 nephe
931 2288 1013 2345 ullum
1035 2290 1162 2348 malorum
1184 2292 1314 2350 medicum
1336 2315 1400 2370 euru

316 2374 386 2434 'sibi
407 2374 557 2443 advertere,
582 2377 600 2430 i.
623 2393 647 2430 e.
669 2375 795 2429 invenire.
819 2403 858 2414 -
880 2369 943 2430 Nisi
964 2373 1047 2440 forte,
1069 2392 1224 2449 quamquam
1246 2378 1398 2455 refragante

333 2459 502 2527 Hermanno,
537 2450 706 2534 ἕπινωμᾶν
738 2458 907 2519 intransitiva
934 2459 1066 2513 sententia
1097 2462 1215 2534 accipere
1242 2461 1334 2530 malis,
1367 2463 1396 2520 id

335 2542 405 2619 quod
425 2541 576 2600 Ellendtius
599 2562 621 2599 s.
642 2540 670 2599 h.
692 2559 719 2598 v.
740 2543 887 2616 proposuit,
909 2538 1070 2600 laudense.
1092 2535 1168 2610 719,
1190 2544 1394 2622 ubiipseatqne

331 2623 426 2684 Herm.
449 2623 492 2700 (in
513 2623 654 2699 retracto),
677 2623 842 2682 Schwenckii
863 2627 1021 2680 sententiam
1042 2626 1070 2679 in
1086 2623 1182 2685 Zimrn.
1204 2646 1266 2684 aun.
1288 2627 1354 2704 phil.
1367 2649 1393 2688 a.

333 2701 425 2766 1839.
451 2729 479 2784 p.
510 2702 592 2768 1020
620 2705 750 2782 proditam
763 2713 902 2774 'secutum
934 2710 974 2764 ita
1005 2698 1159 2786 ἐπινωμᾷ
1188 2711 1334 2788 explicant,
1367 2723 1392 2770 et

333 2789 417 2866 Soph.
439 2791 533 2867 fragm.
554 2794 606 2849 inc.
628 2783 679 2848 23.
702 2783 754 2849 ll.

485 2880 582 2968 νωμᾷ
601 2880 631 2946 δ’
652 2881 688 2948 ἐν
708 2875 855 2947 οἰωνοῖσι
876 2877 1049 2962 τούκείνης
1069 2883 1209 2972 πτερόν,

331 2995 350 3046 i.
373 3009 397 3048 e.
418 2990 463 3048 ala
482 2987 607 3048 Veneris·
697 3027 703 3034 -
1062 2983 1064 2987 ’

377 3098 449 3164 'sm
477 3106 558 3165 multo
588 3108 686 3182 inops,
714 3120 791 3181 quam
815 3123 915 3164 causae
942 3109 974 3168 alt
995 3107 1088 3166 Herm.
1111 3107 1226 3182 edictae,
1256 3117 1392 3189 anapaesti

332 3188 455 3264 strophae
481 3198 558 3265 atque
587 3187 770 3268 antistrophae
796 3191 855 3248 sine
882 3195 1056 3267 responsione
1077 3197 1173 3251 annexi
1194 3198 1310 3253 monisse
1332 3216 1403 3255 euno

330 3271 463 3328 videntur.
505 3270 581 3334 flues
611 3287 688 3346 quum
710 3290 744 3328 ne
765 3275 872 3332 omissis
894 3274 998 3349 quidem
1020 3277 1054 3332 iis
1075 3280 1163 3335 verhis
1185 3295 1291 3337 numero
1312 3299 1394 3357 pares
1430 3290 1434 3296 '

332 3373 392 3412 esse
413 3363 563 3431 cognosset,
584 3357 613 3410 in
634 3361 750 3412 retracti.
771 3358 841 3412 inter
862 3357 996 3432 stropham
1013 3366 1091 3435 atque
1112 3371 1270 3438 anapaestos
1290 3367 1392 3422 veritus

331 3456 385 3494 non
417 3443 459 3494 est
491 3434 558 3494 ditos
589 3441 692 3496 tetram.
724 3454 801 3511 anap.
834 3457 966 3514 unumque
996 3440 1150 3516 dimetmm,
1192 3449 1238 3522 oui
1269 3449 1392 3506 versibus

331 3513 489 3582 159-61
515 3519 717 3596 responderent,
748 3517 877 3578 inserere:
910 3541 976 3597 quae
1004 3529 1092 3583 omnia
1120 3531 1177 3586 niro
1205 3549 1307 3588 summo
1336 3550 1390 3590 non

329 3610 402 3682 prius
424 3613 485 3664 sunt
507 3602 688 3672 concedenda,
710 3621 787 3679 quam
809 3603 842 3662 de
863 3597 977 3680 θέσει,
998 3611 1199 3686 responsionem
1219 3623 1390 3686 systematum

215 3753 224 3766 ⁸
329 3701 466 3768 anapaest.
503 3689 611 3746 canticis
642 3691 800 3743 insertorum
832 3689 926 3764 ubique
956 3697 1134 3752 necessariam
1160 3691 1240 3766 esse,
1276 3707 1390 3760 constet.

327 3769 397 3832 Nam
420 3777 497 3833 aliam
520 3773 598 3850 prinri
618 3767 767 3847 Antigonae
794 3773 890 3830 cantici
910 3771 1038 3834 rationem
1058 3796 1119 3836 esse
1139 3781 1167 3838 in
1189 3799 1247 3858 cap.
1268 3783 1391 3860 ppaeced.
1496 3859 1497 3868 ἵ

327 3855 453 3916 vidimus.

311 4043 313 4048 Δ
348 3997 354 4004 -
391 3964 462 4031 184.
504 3957 692 4044 mensorii
714 3963 968 4053 taomopera
1082 3998 1088 4009 =

500 4052 627 4138 θηρῶν.

325 4149 467 4294 {tepibppum
487 4157 514 4210 in
536 4155 612 4212 codd.
636 4177 706 4218 omn.
727 4159 838 4236 legatur,
861 4157 952 4242 Herm.
974 4169 1004 4220 ut
1023 4163 1087 4233 syll.
1104 4169 1242 4244 ancipitem
1257 4176 1389 4238 amoveat,
