3032 5168
1103 403 1148 484 69

147 578 234 648 676.
254 605 330 663 seqq.
373 586 407 646 In
426 583 479 646 hoo
499 602 603 661 quoque
625 587 727 647 cantico
747 589 840 646 mirum
858 592 886 646 ιιι
901 589 1006 648 modurn
1023 599 1146 668 corrupto

47 670 191 728 nonnihil
218 679 291 730 certo
312 665 416 730 sclrolia
443 672 586 768 integrius,
618 688 693 744 quaro
716 671 776 726 libri
802 673 988 749 servarunt*).
1029 673 1145 733 Ριιιιιιιιιι

48 757 128 810 enirn
156 775 246 829 quum
269 753 304 811 ad
323 776 351 813 v.
373 743 480 814 676.
470 743 515 813 ον
536 742 788 824 οόησινοΖενς
801 762 878 812 retus
892 760 1018 848 interpres
1029 766 1145 826 annotet

47 858 109 894 ιιοιι
137 829 340 915 δέσμιον
317 854 358 906 ως
387 827 527 913 ελαβεν,
547 840 627 894 utin
648 835 725 894 οοόό.
748 843 806 906 est,
835 836 884 894 sed
905 829 1048 915 ἔβαλον,
1077 841 1147 916 quod

47 921 157 978 Herm.
186 924 319 1000 conjecit,
349 919 454 978 ridetur
482 922 592 996 legisse
635 919 689 977 Sed
719 919 753 976 ad
781 928 884 978 ceteros
913 941 1008 978 versus
1034 921 1086 979 duo
1109 924 1146 980 di·

45 1009 132 1062 rersi
160 1007 270 1064 serv'ati
292 1013 355 1066 suut
375 1001 552 1072 scholiastae,
576 1001 643 1058 alter
664 1007 801 1078 antiquus,
825 1006 891 1062 alter
911 1009 1051 1063 recentior.
1093 1004 1155 1083 Ap·¹

48 1092 141 1164 posui
167 1087 201 1145 h.
226 1090 246 1146 l.
268 1092 346 1146 verba
367 1086 507 1164 Sophoclis
529 1105 586 1143 cum
608 1089 836 1162 interpretatione:

148 1198 234 1264 691
277 1191 321 1262 ι’ν’
341 1193 445 1272 αὐτός
464 1186 511 1274 ην
532 1191 724 1297 νρόςοορος,
745 1193 806 1262 οοίι
829 1193 912 1284 ἔχων
931 1195 1053 1284 βόσιν,

278 1280 356 1346 οόδέ
377 1275 437 1345 τιν’
462 1277 611 1380 ἐγχώρων
631 1278 867 1382 κακογεὶτονοι,

277 1360 359 1452 ιιαρ
392 1355 429 1454 ᾦ
459 1361 582 1430 στόνον
619 1362 804 1432 οἱντίονοτον
839 1363 1030 1450 βαροβρῶτ’
1047 1343 1150 1472 οἵοισ-

688 1444 863 1513 κλαύσειεν
885 1444 1084 1538 αἱματηρόν.

55 1555 95 1643 l)
120 1564 167 1630 06
199 1561 317 1667 μόνον
337 1557 422 1636 ὅσον
449 1563 556 1627 καλόν
582 1559 645 1628 odic
661 1551 739 1663 εἶχε
768 1559 923 1664 γείτονα,
951 1565 1042 1632 οἷλλοὶ
1073 1564 1151 1634 ortae

58 1651 206 1724 κακόν,
237 1645 317 1750 παρ’
344 1639 383 1711 οὗ
419 1643 600 1746 οῗμοιβοιῑον
629 1642 732 1729 λόγον
763 1645 981 1728 στενόζοιν’
957 1647 1149 1716 auotlorroec.

55 1735 95 1814 2)
123 1732 167 1798 τό
196 1734 235 1800 δὲ
258 1729 332 1810 ἑξῆς
353 1727 459 1805 οὕτως
482 1729 538 1797 ort
557 1730 685 1813 λαβεῖν
716 1727 795 1794 οοόι
807 1754 881 1796 τινα
886 1731 1073 1832 ἐγχώρωνὲ
1093 1755 1149 1818 ων,

58 1840 195 1902 παρ
176 1807 205 1876 ὦ
232 1814 274 1891 δη
300 1815 360 1877 τόν
381 1807 599 1911 κακογιὶτονοι
621 1812 841 1916 αἱματηρόν
833 1811 955 1879 στόνον
976 1759 1150 1880 a'aoxllat-

56 1920 173 1965 σειεν.
223 1901 340 1968 tinorum
346 1905 434 1996 prior
454 1892 675 1976 κακογεὶτονα
701 1901 736 1959 ad
768 1893 844 1962 τινοὶ
869 1897 1015 1984 ἐγχώρων
1041 1907 1151 1974 rettulit,
1240 1935 1242 1942 ι

57 1992 212 2085 posterior
233 1985 269 2042 ad
290 1971 425 2044 στόνονι
432 1989 530 2080 quin
531 1983 575 2042 hic
597 1990 675 2042 etiam
697 1985 813 2084 disputat
835 1996 926 2046 contra
939 1989 1022 2056 illum,
1046 1989 1151 2047 dicens.

6 2116 10 2136 2
61 2065 105 2130 τό
133 2057 367 2142 κακογεότονοι
396 2059 461 2159 γοόρ
490 2059 530 2126 ον’
534 2061 639 2166 πρός
668 2061 746 2138 τοός
772 2062 994 2140 ἐνοικοῦντας,
1025 2060 1150 2130 οἷλλ...

94 2144 282 2220 ...στόνος
297 2167 421 2228 tanoys
407 2137 560 2210 .ι’τωνοἰ’ν
580 2143 675 2225 εἴη...
685 2153 892 2230 .SedquodC.
908 2154 1095 2213 Lachmannrs
1118 2155 1151 2212 de
1176 2187 1178 2190 ·

62 2237 143 2296 ο1ιο.τ
168 2246 242 2308 syst.
271 2227 392 2334 p.167.
414 2239 565 2292 acutissime
588 2237 714 2312 conjecit,
744 2241 857 2312 priorem
885 2239 959 2311 illum
981 2243 1150 2316 interpretem

60 2324 173 2399 legisse
198 2335 271 2396 παρ
301 2305 390 2376 οὗ...
399 2311 631 2414 ἀκούσειεν,
662 2321 725 2377 licet
752 2319 782 2379 id
810 2326 915 2399 egregie
943 2327 980 2380 sit
1005 2327 1149 2392 inventum,

62 2407 258 2463 necessarlum
286 2409 447 2458 tamennon
476 2409 532 2472 est,
506 2402 701 2460 tdumnrodo
729 2383 803 2460 illurn
837 2425 992 2462 censeamus
1023 2397 1148 2464 στόνον

62 2479 263 2546 οἷντίτνπον
292 2481 326 2540 ad
354 2484 484 2560 querelam
520 2503 537 2539 a
572 2487 659 2540 vicino
691 2484 821 2542 redditam
854 2495 880 2542 et
908 2507 942 2544 ex
971 2489 1153 2544 misericordia

1 2621 2 2624 ,
64 2571 249 2630 Philoctetae
277 2568 390 2645 querelis
417 2585 572 2644 responsam
600 2563 752 2636 rettulisse,
773 2576 809 2624 ‘et
835 2571 874 2624 ita
900 2571 957 2626 fere
983 2575 1153 2626 commentari

64 2657 215 2713 voluisse:
235 2649 316 2728 'apud
346 2669 422 2726 quem
451 2645 594 2726 (ricinum)
623 2669 728 2726 gravem
758 2653 889 2730 querelam
918 2655 970 2710 sibi
997 2649 1153 2726 (aricino)

64 2759 115 2814 pro
139 2755 278 2814 responso
301 2733 389 2809 datam
411 2733 539 2812 deploret.
570 2733 715 2793 Videbatur
735 2736 837 2792 scilicet
856 2740 991 2814 interpreti
1004 2735 1151 2812 Sophocles

67 2826 229 2899 cogitasse,
252 2823 348 2877 inisero
370 2818 471 2876 homini
493 2819 616 2876 solatium
640 2839 714 2888 esse,
742 2823 766 2876 si
788 2821 857 2878 mala
878 2841 942 2888 sua,
970 2840 1036 2896 quae
1059 2841 1075 2878 a
1103 2825 1149 2877 mi-
1230 2881 1235 2889 ,

67 2905 210 2964 sericorde
236 2908 318 2962 amico
342 2911 463 2960 enarrata
484 2908 511 2960 et
533 2901 669 2980 deplorata
691 2901 808 2972 audiret,
838 2903 932 2964 deflere
953 2913 1060 2984 posset.
1084 2923 1150 2982 quae

66 2993 233 3057 verissima,
255 2990 306 3045 etsi
327 2989 359 3044 ab
380 2985 431 3044 hoc
452 2987 518 3044 1οοο
533 2989 620 3044 aliena
640 2993 682 3044 est
703 2981 883 3046 observatio.
1143 3012 1145 3016 ·

160 3074 239 3130 Τιιιιι
260 3073 327 3127 alter
348 3069 433 3128 schol.
455 3069 490 3128 ad
509 3089 537 3126 r.
556 3063 629 3128 696.
651 3072 732 3126 verba
751 3063 854 3138 εἴτις
874 3064 1009 3146 ἐμπέσοι
1029 3073 1058 3125 in
1080 3070 1151 3143 erpl.

69 3155 161 3225 affert,
184 3177 220 3212 ea
243 3142 318 3210 ad'
298 3170 333 3220 ος
354 3154 479 3220 reterens,
502 3153 568 3208 alter
589 3170 661 3218 vero,
684 3169 758 3224 quem
769 3154 828 3228 jure
831 3153 896 3247 jam
907 3151 966 3208 Eri
979 3153 1152 3208 vetustiorem

69 3245 218 3305 nominat,
250 3235 285 3292 ad
304 3255 331 3291 v.
352 3227 425 3292 698.
449 3237 498 3289 ait·
523 3223 567 3288 Ἀ.
589 3247 620 3291 τ.
642 3219 728 3300 ὅλως
747 3225 840 3290 οόκ’
831 3247 931 3312 οχον,
959 3225 1036 3293 οὐδὲ
1057 3221 1152 3303 ὅστις

68 3313 150 3380 ’ἕλοι
171 3280 310 3413 φύλλον
318 3307 421 3416 οὗτοι
441 3307 479 3374 ἐκ
503 3311 561 3386 τῆς
581 3311 659 3410 γῆς,
686 3305 709 3386 ἢ
738 3306 831 3394 ὄρνιν
859 3307 1106 3388 τοξευθέντα“
1085 3310 1151 3378 οιιό
1182 3303 1189 3317 “

57 3392 328 3474 Φιλοκτήτου,
354 3415 413 3458 ιιοιι
434 3390 581 3458 πεσόντα
606 3415 657 3468 τις
677 3414 741 3472 την
761 3395 835 3477 γῆν.
877 3401 978 3460 Hic·‹r
950 3423 978 3480 ig
980 3407 1031 3459 ‘our
1052 3395 1151 3479 ἔμπο-

74 3483 149 3548 σεῖν
171 3508 224 3566 pro
248 3485 391 3543 decidendo
414 3487 528 3560 accepit,
551 3491 577 3540 et
598 3483 631 3541 ad
653 3503 715 3540 ares
737 3487 847 3543 rettulit.
889 3486 933 3543 De
955 3489 1049 3561 quibus
1071 3506 1151 3560 quum

22 3642 25 3650 ,
74 3569 103 3628 h.
136 3573 159 3629 l.
190 3587 280 3630 sermo
309 3572 414 3625 omnino
442 3588 495 3625 ιιοιι
517 3571 569 3636 sit,
600 3566 648 3626 sed
670 3586 747 3642 quurn
775 3569 807 3625 de
829 3567 903 3626 foliis
925 3575 982 3626 tan
971 3579 1026 3626 um
1048 3589 1082 3625 a<r
1065 3577 1149 3645 atur,
1243 3600 1249 3612 ι

77 3675 212 3732 quumque
237 3639 310 3711 ἕλοι
332 3653 402 3710 diost
422 3651 500 3728 idque
522 3659 549 3708 et
538 3651 604 3709 tad
625 3653 690 3709 lolia
712 3659 738 3708 et
757 3649 793 3708 'ad
814 3671 877 3708 aves
898 3671 925 3708 re
928 3653 1002 3719 erat
1024 3653 1082 3708 ιιοιι
1097 3669 1152 3707 non

76 3745 180 3813 potest
192 3742 263 3816 quin
279 3736 349 3794 hunc
371 3735 544 3836 scholiastaur³
563 3739 616 3793 ιιοιι
638 3727 738 3803 εἴτις
759 3727 909 3816 ἐμπέσοι,
932 3734 1030 3813 quod
1022 3753 1050 3790 ιιι
1073 3733 1162 3799 codd.

79 3841 151 3878 omn
174 3831 233 3890 est,
266 3820 382 3878 sedt
337 3829 382 3877 aut
403 3813 461 3879 κεῖ
476 3835 508 3877 τι
529 3811 666 3918 ἐμπέσοι
687 3838 745 3875 oum
771 3819 927 3888 Eustathio‚
955 3825 1000 3874 aut
1020 3807 1075 3875 κεῖ
1091 3809 1152 3876 τιν’

79 3896 221 3982 ἐμπέσοι
242 3906 341 3981 legisse
362 3894 491 3982 putemus,
513 3907 551 3959 ita
571 3912 601 3961 ut
622 3897 654 3961 τὶ
675 3903 718 3960 rel
739 3922 810 3960 num.
830 3904 957 3980 pluralem
978 3889 1058 3974 τινοέ
1073 3919 1150 3979 genc-

81 3990 173 4047 raliter
195 3996 224 4048 et
244 3987 279 4045 ad
299 3987 365 4046 folia
385 3988 463 4046 inodo
486 3994 687 4046 commemorata
708 3994 736 4044 ct
755 4005 818 4044 vero
840 3989 918 4044 etiam
939 3983 974 4044 ad
990 3969 1051 4056 alia,
1074 4005 1149 4064 quao-

82 4123 289 4140 m

157 4197 177 4253 *l
198 4203 273 4258 Quare
289 4203 327 4248 hio
345 4172 434 4262 duoque
452 4203 560 4261 quosdam
577 4169 629 4256 ros,
649 4213 707 4259 quac
725 4202 816 4260 proprie
834 4201 862 4249 ari
880 4202 922 4248 alia
941 4206 1014 4262 cupita
1031 4204 1150 4262 pertinent,
1195 4239 1198 4246 .

87 4269 220 4325 attulimus,
239 4282 267 4312 nc
286 4269 313 4328 do
331 4271 412 4319 lisdem
429 4272 504 4316 verbis
522 4278 585 4316 asset
601 4269 697 4315 dirersis
713 4267 771 4314 locis
788 4269 952 4330 disputandum,
