3032 5168
365 421 407 488 52

369 603 439 651 rotat
462 597 587 651 rictorem
615 595 764 652 certaminis
790 591 911 663 laudare,
935 595 1057 651 maritum
1083 593 1233 669 egregium,
1260 580 1427 648 llersnlenid'

369 676 459 740 lluidl
507 673 633 756 Virgines
661 686 734 736 vetat
761 679 869 736 laudare
899 677 1030 740 hominem
1058 680 1164 735 minime
1198 674 1427 739 adolescentulum.

366 761 527 837 praeclarum
547 765 689 832 victorem,
711 760 867 819 celebratum
887 761 964 820 Jovis
984 763 1084 820 filiumi
1126 761 1235 836 „ltaque
1256 759 1429 827 verecunde,“

367 849 454 922 porgit
480 845 632 924 Reisigins,
660 851 771 916 „matris
800 851 882 902 vicem
909 850 1056 922 suscipiunt
1077 851 1105 901 et
1124 846 1183 920 ejus
1205 843 1322 900 dolorem
1339 863 1427 922 recor-
1488 829 1489 856 ¹

367 920 473 999 dantur,
502 931 643 1008 perlatum,
671 949 748 1004 quum
779 929 898 985 lilia....
931 919 1025 1008 ἄφαρ
1053 919 1317 1007 βέβακιν...,“.
1348 925 1428 1002 Atqui

366 1031 398 1068 rx
422 1017 512 1071 matris
534 1013 715 1070 recordatione
737 1011 849 1068 noudum
871 1016 1002 1085 sequitur,
1030 1021 1061 1068 ut
1085 1015 1163 1070 etiam
1192 1012 1333 1088 loquantur
1359 1013 1430 1068 velut

366 1107 456 1153 uroter.
499 1096 584 1152 Vertit
610 1093 734 1168 denique:
756 1097 867 1162 ‚pramis
889 1097 975 1151 animo
997 1094 1063 1152 haec
1084 1094 1154 1151 dicta
1176 1104 1252 1164 suunt,
1281 1096 1335 1152 non
1362 1115 1429 1160 nreo,

365 1181 424 1236 scil.
449 1161 507 1235 οἷα
535 1173 570 1233 δὲ
603 1165 777 1260 ampullatus*
804 1169 870 1235 οὕ.“
911 1175 955 1234 At.
973 1177 1036 1254 quid
1056 1177 1161 1236 taudem
1192 1179 1328 1246 dixerunt,
1347 1179 1429 1254 ,quod

363 1265 478 1336 uirgines
501 1259 654 1318 dedeceret?
699 1259 741 1318 Oh
763 1261 895 1334 delicatas¹
919 1260 985 1320 istas
1008 1257 1183 1322 Trachinlae!
1226 1261 1319 1337 Neque
1341 1271 1427 1318 tarmen

361 1342 520 1418 Antigonam
544 1345 646 1418 quidem
668 1344 753 1420 pudor
773 1345 902 1414 cohibuit,
930 1350 1069 1421 quominus
1091 1346 1124 1403 de
1146 1339 1232 1425 λέχει
1254 1355 1331 1422 atque
1352 1339 1427 1403 α’τε-

362 1421 442 1501 aeru'qc
469 1445 518 1484 sua
546 1430 711 1502 loqueretur,
746 1449 831 1506 neque
860 1430 929 1488 aliae
960 1431 1153 1509 tragoediarum
1181 1433 1299 1506 virgines
1328 1434 1427 1486 veritae

356 1521 433 1598 leuat,
456 1503 494 1567 τὸ
516 1503 665 1592 σπείρειν
684 1517 801 1572 virorum
823 1529 1036 1575 commemorare.
1079 1514 1121 1576 ct.
1143 1518 1221 1570 etium
1243 1512 1279 1575 A.
1308 1511 1426 1570 Borclrb.

358 1589 395 1646 dc
415 1590 506 1670 Antig.
529 1593 594 1658 diss.
615 1593 646 1657 2.
668 1617 695 1673 p.
722 1590 775 1657 89.
819 1597 870 1654 Sed
898 1598 966 1656 haec
995 1606 1026 1656 nt
1046 1603 1191 1664 mittamus,
1224 1605 1254 1654 ut
1286 1595 1363 1652 detur
1393 1601 1426 1652 iis

359 1681 438 1733 venia
458 1681 609 1755 impetrata,
632 1680 695 1757 qnid
716 1686 822 1739 omnino
849 1681 955 1753 dicunt,
986 1686 1062 1758 quasi
1083 1683 1225 1758 Dejauirae
1248 1683 1302 1738 sint
1322 1687 1426 1736 mater-t
1489 1693 1490 1736 t

360 1757 432 1822 Quid
452 1768 635 1838 pronuntiant,
658 1765 735 1841 quod
756 1786 810 1825 non
838 1786 873 1823 ex
894 1771 951 1824 suis
980 1785 1081 1842 quoqne
1111 1767 1205 1822 animis
1233 1765 1350 1840 proferre
1378 1783 1426 1838 po·

358 1847 475 1903 tuerintl
508 1846 677 1920 Raymannus
699 1849 801 1926 quidem
824 1871 850 1928 p.
871 1845 939 1912 22:
961 1850 1062 1919 „Chorn'
1083 1852 1166 1918 erat,‘⁴
1188 1851 1281 1923 inquit,
1304 1855 1426 1922 „sporta-

357 1933 442 1987 toron
464 1933 493 1986 in
509 1935 660 1988 universum
682 1937 827 2005 exprimere
848 1949 970 1998 sensum,
993 1932 1041 1987 sed
1062 1951 1113 1988 non
1135 1949 1248 2003 pugnam
1269 1933 1347 1984 istam
1370 1939 1427 1984 tam

356 2013 425 2068 vivis
454 2011 601 2068 describere
627 2013 787 2070 coloribus.“
829 2011 861 2066 ld
889 2011 959 2085 quod
987 2009 1080 2066 mirum
1109 2018 1164 2076 est,
1194 2013 1217 2064 si
1249 2009 1311 2082 quid
1339 2011 1424 2064 aliud.

355 2089 456 2148 Poetae
477 2100 547 2159 erat,
568 2111 698 2166 personas
718 2109 782 2148 snas
803 2109 858 2147 rem
880 2099 926 2148 aut
947 2095 1053 2149 omnino
1074 2110 1143 2158 non,
1172 2098 1217 2146 aut
1238 2107 1340 2146 surmus
1362 2104 1424 2144 curm
1489 2089 1490 2094 ’

355 2172 492 2229 alacritate
513 2181 650 2230 narrantes
672 2175 773 2240 faeere,
796 2173 924 2248 siquidem
946 2179 1040 2251 poetae
1061 2191 1155 2233 nornen
1176 2191 1277 2230 merere
1305 2164 1424 2228 volebatI

439 2253 492 2310 Sed
512 2273 619 2323 vereor,
641 2275 675 2314 ne
692 2257 749 2332 jann
770 2257 869 2314 diutius
890 2256 940 2314 hac
960 2261 989 2315 in
1014 2260 1188 2334 explicatione
1217 2260 1267 2314 sim
1289 2263 1424 2312 versatus.

297 2395 300 2402 ,
353 2333 441 2393 Aliam
462 2339 532 2395 viam
555 2335 647 2401 Consi.
669 2339 799 2398 Matthiae
828 2343 856 2397 in
878 2339 991 2416 quaesit.
1021 2341 1103 2418 Soph.
1124 2361 1151 2416 p.
1172 2333 1225 2399 ΒΘ.
1246 2342 1322 2407 iniit,
1345 2351 1423 2413 qne'm

353 2426 380 2488 et
400 2423 486 2496 ipsum
508 2419 679 2492 Raymannns
699 2426 832 2498 probauit,
844 2429 930 2500 ¹quemi
951 2425 1021 2485 idern
1044 2426 1154 2486 sentiret
1174 2431 1252 2500 atque
1269 2423 1422 2500 Reisigiusi

352 2500 398 2561 Ait
420 2512 506 2562 autem
532 2504 678 2575 Matthiae,
708 2508 830 2566 mulieres
855 2499 997 2586 Dejanirae
1019 2511 1264 2586 conjunctissimas,
1291 2525 1344 2564 rein
1367 2513 1421 2564 tam

352 2589 454 2644 tristem
478 2599 631 2659 narrantes,
660 2610 713 2673 non
740 2611 822 2666 posse
848 2611 901 2650 oon
924 2592 1012 2650 dolere
1034 2591 1209 2670 aegritudinis
1228 2589 1421 2650 recordatione.

351 2668 464 2735 „Potest
484 2679 570 2730 autem
592 2667 641 2732 tall
666 2678 805 2732 occasione
826 2693 901 2731 uerno
923 2687 987 2732 rrrm'
1000 2679 1101 2742 nemine
1118 2679 1201 2752 magis
1223 2673 1320 2744 dolere,
1343 2692 1419 2749 quam

350 2759 512 2810 matoneum
535 2749 599 2812 filia.
641 2753 733 2832 ltaque
762 2759 898 2831 aptissime
928 2757 1086 2816 Trachinlae
1115 2777 1189 2816 suam
1215 2761 1331 2834 ipsarum
1360 2777 1418 2816 eum
1490 2775 1491 2818 ξ

350 2838 442 2904 matris
465 2836 626 2913 aegritudine
656 2849 819 2914 comparant,
847 2839 980 2898 dicentes:
1008 2844 1101 2916 loquor
1123 2861 1172 2920 ego
1195 2845 1270 2918 quasi
1292 2845 1341 2898 sim
1364 2861 1417 2898 rura·
1490 2865 1491 2922 q

350 2921 403 2982 ter,
433 2921 452 2974 i.
475 2937 498 2975 e.
528 2918 619 2981 dicens
646 2919 712 2977 haec
741 2925 827 2979 animo
856 2932 973 2980 materno
996 2928 1131 2982 moveor.“
1174 2923 1224 2994 At,
1245 2933 1274 2982 ut
1298 2925 1329 2980 de
1350 2929 1417 2981 ruiro
1490 2929 1491 2986 ζ

347 2993 410 3073 μέν
435 3009 549 3071 taceam,
576 3003 649 3060 illam
683 3007 838 3062 sententiam
861 3026 936 3064 neutro
959 3008 1051 3077 facile,
1085 3012 1130 3083 qui
1151 3007 1418 3078 audiret,‘diriuare
1490 3003 1491 3034 ³

347 3091 465 3158 poterat,
493 3103 577 3161 neque
607 3093 680 3144 tanto
706 3089 810 3146 fervore
843 3091 964 3166 abreptas
982 3093 1100 3168 'virgines
1126 3111 1155 3150 se
1176 3095 1365 3168 praebuerunt,
1387 3103 1418 3148 ut

345 3167 405 3240 jure
427 3172 504 3224 matri
525 3189 555 3226 se
577 3175 786 3246 aequipararent.
811 3171 880 3230 Tum
895 3178 978 3249 ipsam
993 3173 1136 3252 Dejanirae
1158 3183 1265 3234 matrem
1289 3179 1312 3232 si
1335 3179 1416 3252 signi·
1479 3221 1485 3236 .

347 3247 467 3315 licebant,
489 3253 626 3308 articulum
647 3263 677 3309 ut
698 3253 730 3310 de
752 3253 856 3312 homine
878 3265 948 3314 certo
971 3257 1066 3315 addere
1089 3259 1226 3318 debebant.
1270 3258 1330 3327 Sed,
1353 3260 1416 3332 quid
1490 3279 1491 3284 ¹

347 3328 447 3420 mqltai
491 3330 580 3393 Schol.
603 3337 656 3390 ait:
679 3328 742 3409 ἐγώ
762 3334 912 3416 παρεῖσα
934 3331 978 3398 τοὶ
999 3335 1130 3421 πολλοὶ,
1160 3335 1203 3399 τοὶ
1226 3334 1307 3413 τέλη
1330 3335 1416 3418 λέγω
1490 3377 1491 3406 2

346 3423 411 3469 των
432 3405 648 3492 πραγμάτων.
692 3417 794 3475 Sentice
815 3419 885 3476 huno
906 3419 970 3478 dicit
990 3420 1158 3493 Raymanous
1179 3427 1207 3482 in
1228 3446 1254 3501 p.
1273 3418 1334 3496 28,
1356 3445 1414 3482 nar·
1490 3419 1491 3440 ³

345 3497 456 3553 rationis
478 3497 549 3553 iilum
570 3517 598 3556 v.
620 3492 692 3558 523.
720 3520 780 3558 esse
801 3507 966 3586 praecisum:
1000 3505 1122 3566 debuisse
1151 3512 1219 3566 enim
1248 3509 1283 3566 ihi
1312 3528 1416 3586 pugnae

346 3581 446 3636 exitum
469 3579 592 3642 describi.
633 3581 728 3658 Neque
750 3591 836 3642 tamen
858 3583 901 3644 hic
923 3585 990 3646 illud
1011 3594 1103 3662 sensit,
1125 3591 1175 3650 sed
1186 3585 1330 3668 Sophocles
1343 3596 1414 3668 ipse3

248 3696 250 3706 ‚
345 3676 405 3720 nam
427 3667 480 3722 nisi
494 3670 587 3742 potitae
599 3668 681 3724 verba
697 3671 826 3745 interpres
841 3679 981 3742 enarraret,
997 3673 1109 3732 dixisset
1124 3665 1142 3733 ὁ
1153 3673 1302 3756 χορὸς-
1313 3665 1414 3751 λέγω,

345 3763 399 3803 non
420 3740 483 3824 ἐγώ
506 3781 545 3792 -
568 3741 663 3830 λέγω.
707 3751 797 3824 Quare
828 3747 926 3813 frustra
946 3755 1114 3828 Raymannus
1136 3758 1205 3814 bunc
1226 3776 1283 3814 cum
1305 3759 1415 3832 vulgata

346 3827 459 3887 lectione
482 3834 622 3891 conciliare
644 3833 742 3895 studet.
776 3833 910 3896 Habuisse
932 3860 990 3896 eum
1012 3833 1134 3917 μάτην,
1154 3839 1232 3914 idque
1254 3837 1412 3916 Sophoclem
1490 3841 1491 3846 '

289 3933 302 3941 ·
346 3911 487 3984 scripsisse
514 3913 707 3976 Billerbechius
734 3922 763 3977 in
792 3929 892 3979 annott.
926 3919 960 3980 ad
987 3914 1084 3980 Trach.
1102 3925 1232 4000 conjecit,
1258 3913 1412 3998 seduleque

345 3989 460 4062 scholio,
489 4013 573 4070 oeque
600 4000 725 4077 Sophocli
754 4007 792 4059 ita
820 4007 962 4075 satis‘iecit3
993 4005 1026 4062 G.
1050 4003 1217 4063 Hermandus
1239 4025 1317 4075 vero,
1349 4013 1409 4082 quia

343 4077 505 4171 aptissimum
528 4082 575 4137 illa
596 4090 726 4142 enarratio
742 4089 882 4162 praeheret
903 4107 1025 4156 sensuum,
1058 4081 1117 4160 ἐγώ
1137 4082 1178 4146 θ’
1201 4078 1330 4173 ὁμαρτῇ
1350 4087 1411 4167 μέν
1490 4115 1491 4158 j

342 4171 400 4212 οια
421 4152 542 4239 φραζω
564 4167 726 4224 scribendum
748 4175 894 4248 proposuit.
937 4171 1031 4229 Potest
1051 4176 1129 4231 etiam
1151 4174 1263 4250 conjici:

470 4251 474 4262 “
544 4238 609 4321 ἐγώ
629 4243 667 4306 δὲ
686 4245 884 4330 τᾶρηρὲμιν’
903 4235 960 4311 οἶα
980 4245 1076 4336 φροῐζ
1102 4300 1110 4316 .
1155 4247 1157 4256 '
